Customer_ID,Customer_Segment,Region,Plan_Type,Payment_Method,Subscription_Start_Date,Monthly_Fee,Number_of_Transactions,Average_Transaction_Value,Credit_Score,Customer_Support_Tickets,Satisfaction_Score,Total_Revenue,Is_Churned,Column1,Churn_Date,Churn_Reason,Account_Tenure_Months,Login_Frequency,Feature_Usage_Score,Outstanding_Balance,Revenue_Growth_Rate,Avg_Rev_Per_Month,Customer_Lifetime_Value
CUST1000,SME,Ibadan,Premium,Transfer,4/2/2021,10000,37,82537.31,,6,3.1,3053880.47,0,Not_Churned,,None,54.7,Monthly,80,5000,0.09,55829.62,3616682.09
CUST1001,Enterprise,Lagos,Basic,Wallet,2/23/2023,10000,134,36054.81,795,7,4.3,4831344.54,0,Not_Churned,,None,31.7,Weekly,55,50000,0.4,152408.35,5624875.43
CUST1002,Retail,Ibadan,Standard,Transfer,8/16/2022,10000,18,69771.32,675,8,3.5,1255883.76,0,Not_Churned,,None,38,Weekly,77,0,0.27,33049.57,1557886.88
CUST1003,SME,Ibadan,Basic,Card,4/21/2022,20000,5,48393.27,737,5,4.7,241966.35,0,Not_Churned,,None,41.9,Weekly,60,10000,0.38,5774.85,306099.3
CUST1004,SME,Lagos,Standard,Card,6/20/2024,10000,94,90020.74,561,9,3,8461949.56,0,Not_Churned,,None,15.6,Monthly,68,5000,0.01,542432.66,11800004.4
CUST1005,Enterprise,Ibadan,Premium,Cash,8/29/2021,30000,190,86070.3,836,8,3.1,16353357,0,Not_Churned,,None,49.8,Monthly,83,50000,-0.13,328380.66,17425719.57
CUST1006,Retail,Kano,Standard,Transfer,12/12/2020,5000,93,57288.88,591,3,,5327865.84,1,Is_Churned,7/21/2021,Inactive,58.4,Weekly,99,0,0.1,91230.58,5621761.01
CUST1007,Retail,Kano,Basic,Card,9/26/2023,20000,148,72235.5,550,7,,10690854,0,Not_Churned,,None,24.5,Daily,77,0,-0.13,436361.39,12547801.29
CUST1008,SME,Kano,Basic,Transfer,6/24/2022,5000,94,89501.47,764,2,3.5,8413138.18,0,Not_Churned,,None,39.8,Monthly,84,0,0.1,211385.38,9256651.1
CUST1009,Corporate,Lagos,Premium,Card,12/5/2020,20000,179,54614.53,810,3,3,9776000.87,0,Not_Churned,,None,58.7,Weekly,98,5000,-0.04,166541.75,11396912.81
CUST1010,SME,Ibadan,Basic,Wallet,12/15/2023,30000,176,38192.57,512,9,2.8,6721892.32,0,Not_Churned,,None,21.8,Daily,63,5000,0.09,308343.68,8465161.46
CUST1011,SME,Lagos,Premium,Card,2/27/2024,20000,18,77829.95,672,3,4,1400939.1,0,Not_Churned,,None,19.4,Daily,76,0,0.37,72213.36,2041658.57
CUST1012,SME,Kano,Basic,Cash,2/3/2021,20000,156,29805.96,575,5,2.4,4649729.76,1,Is_Churned,3/6/2022,None,56.7,Monthly,68,5000,-0.03,82005.82,4927081.79
CUST1013,SME,Ibadan,Basic,Wallet,11/21/2020,20000,115,44967.8,548,8,4.6,5171297,1,Is_Churned,3/12/2025,Poor Service,59.1,Daily,70,0,0.4,87500.8,5666697.28
CUST1014,Enterprise,Ibadan,Premium,Cash,8/21/2023,5000,187,87915.45,577,5,4.3,16440189.15,0,Not_Churned,,None,25.7,Monthly,84,20000,-0.06,639696.08,19707319.35
CUST1015,Retail,Enugu,Standard,Wallet,5/28/2024,10000,147,75198.01,823,0,,11054107.47,0,Not_Churned,,None,16.3,Weekly,91,5000,-0.08,678166.1,14778544.51
CUST1016,Enterprise,Enugu,Basic,Transfer,2/22/2024,5000,87,46342.99,781,4,4.1,4031840.13,0,Not_Churned,,None,19.5,Monthly,78,10000,0.13,206761.03,5007020.2
CUST1017,Enterprise,Abuja,Standard,Cash,3/3/2022,10000,76,29327.01,622,8,3.8,2228852.76,1,Is_Churned,1/5/2025,Inactive,43.6,Daily,51,5000,0.31,51120.48,2666507.84
CUST1018,Enterprise,Port Harcourt,Basic,Card,6/3/2022,5000,166,42037.16,658,4,2.6,6978168.56,1,Is_Churned,11/11/2024,High Fees,40.5,Monthly,69,0,0.25,172300.46,8522679.57
CUST1019,SME,Enugu,Basic,Transfer,8/10/2023,30000,134,35569.37,672,5,2.8,4766295.58,0,Not_Churned,,None,26.1,Monthly,92,10000,0.23,182616.69,5558156.17
CUST1020,Corporate,Lagos,Basic,Card,4/21/2023,30000,31,25848.04,588,2,3.2,801289.24,0,Not_Churned,,None,29.8,Weekly,43,50000,-0.03,26888.9,1061313.32
CUST1021,Retail,Enugu,Basic,Wallet,10/2/2020,20000,78,76899.96,705,7,4.1,5998196.88,1,Is_Churned,8/9/2023,Inactive,60.8,Daily,69,10000,-0.19,98654.55,6516173.41
CUST1022,Corporate,Abuja,Standard,Wallet,1/25/2022,30000,103,32686.29,777,9,3.9,3366687.87,0,Not_Churned,,None,44.8,Monthly,44,10000,-0.1,75149.28,3783488.39
CUST1023,Enterprise,Ibadan,Standard,Card,9/24/2020,20000,76,50875.07,489,3,3.6,3866505.32,0,Not_Churned,,None,61.1,Weekly,55,5000,0.01,63281.59,4528384.7
CUST1024,Enterprise,Abuja,Basic,Card,2/14/2023,10000,27,44727.35,742,3,4.3,1207638.45,1,Is_Churned,3/17/2021,High Fees,32,Weekly,66,10000,0.38,37738.7,1626933.97
CUST1025,Corporate,Ibadan,Basic,Transfer,8/31/2024,30000,72,98386.96,661,4,4.3,7083861.12,0,Not_Churned,,None,13.2,Weekly,43,10000,0.35,536656.15,12677324.56
CUST1026,Corporate,Ibadan,Standard,Card,2/16/2022,10000,146,45198.3,555,9,3.9,6598951.8,0,Not_Churned,,None,44.1,Weekly,47,0,-0.08,149636.1,7246856.18
CUST1027,Corporate,Port Harcourt,Premium,Cash,2/6/2023,5000,195,17198.42,599,8,4.4,3353691.9,1,Is_Churned,12/9/2024,Switched to Competitor,32.2,Weekly,87,5000,0.24,104151.92,4602828.37
CUST1028,Enterprise,Enugu,Premium,Cash,3/9/2020,10000,121,18084.32,454,7,3,2188202.72,0,Not_Churned,,None,67.7,Monthly,47,0,0.15,32322.05,2480697.9
CUST1029,Enterprise,Lagos,Standard,Card,1/1/2022,5000,110,63167.83,653,6,4.6,6948461.3,0,Not_Churned,,None,45.6,Monthly,56,5000,-0.17,152378.54,8105931.49
CUST1030,Retail,Lagos,Basic,Cash,6/13/2020,10000,97,63942.72,841,4,3.8,6202443.84,0,Not_Churned,,None,64.5,Daily,85,50000,0.02,96161.92,7317304.05
CUST1031,Retail,Kano,Basic,Card,2/13/2023,10000,69,47688.31,572,8,4.5,3290493.39,0,Not_Churned,,None,32,Monthly,83,10000,0.09,102827.92,4355422.93
CUST1032,Enterprise,Ibadan,Premium,Transfer,12/26/2020,30000,72,48865.93,599,8,3.6,3518346.96,0,Not_Churned,,None,58,Daily,42,5000,0.2,60661.15,4077987.5
CUST1033,Corporate,Lagos,Premium,Cash,3/10/2023,10000,132,14853.93,802,9,2.7,1960718.76,0,Not_Churned,,None,31.2,Daily,66,10000,-0.02,62843.55,2623440.14
CUST1034,Corporate,Port Harcourt,Standard,Cash,11/5/2021,30000,67,56489.19,501,9,3.6,3784775.73,0,Not_Churned,,None,47.5,Daily,91,10000,0.36,79679.49,4300238.27
CUST1035,Retail,Ibadan,Premium,Card,5/7/2023,30000,117,55426.55,684,1,3.1,6484906.35,1,Is_Churned,2/13/2022,Switched to Competitor,29.2,Monthly,73,20000,0.07,222085.83,8519200.45
CUST1036,Enterprise,Port Harcourt,Standard,Cash,12/23/2023,20000,94,23459.44,550,3,,2205187.36,0,Not_Churned,,None,21.6,Weekly,84,0,-0.05,102092.01,2686573.72
CUST1037,Retail,Lagos,Premium,Wallet,11/21/2021,20000,85,19345.54,510,7,3.4,1644370.9,1,Is_Churned,3/12/2021,Inactive,47,Daily,60,5000,-0.01,34986.61,2060431.64
CUST1038,Retail,Lagos,Premium,Transfer,6/9/2021,5000,107,21121.52,815,0,4.5,2260002.64,0,Not_Churned,,None,52.5,Weekly,82,50000,0.25,43047.67,2617334.29
CUST1039,SME,Kano,Premium,Transfer,6/8/2023,10000,196,19092.54,665,4,4,3742137.84,1,Is_Churned,3/16/2025,Switched to Competitor,28.2,Daily,63,,0.18,132699.92,5112680.46
CUST1040,SME,Lagos,Basic,Cash,2/18/2020,5000,164,64873.74,490,7,4.1,10639293.36,0,Not_Churned,,None,68.4,Monthly,83,0,0.25,155545.22,11676166.65
CUST1041,SME,Ibadan,Basic,Cash,10/27/2020,10000,120,27683.44,576,1,2.7,3322012.8,0,Not_Churned,,None,60,Daily,89,50000,-0.02,55366.88,3866119.71
CUST1042,Corporate,Ibadan,Basic,Wallet,4/16/2024,20000,17,32628.71,848,1,5,554688.07,0,Not_Churned,,None,17.7,Monthly,80,50000,0,31338.31,757962.91
CUST1043,Enterprise,Ibadan,Premium,Wallet,8/22/2022,20000,198,25621.49,630,7,4.5,5073055.02,0,Not_Churned,,None,37.8,Weekly,68,10000,0.04,134207.8,6188327.8
CUST1044,Enterprise,Kano,Standard,Cash,5/28/2020,10000,128,96205.18,428,9,4.4,12314263.04,0,Not_Churned,,None,65,Monthly,78,0,-0.09,189450.2,14209373.77
CUST1045,Enterprise,Kano,Standard,Cash,6/16/2021,10000,151,86915.57,842,8,3,13124251.07,0,Not_Churned,,None,52.2,Weekly,45,20000,0.21,251422.43,14142075.52
CUST1046,Enterprise,Lagos,Standard,Wallet,3/26/2023,20000,156,30744.54,700,6,3.6,4796148.24,1,Is_Churned,4/12/2020,None,30.6,Monthly,95,5000,0,156736.87,5769652.31
CUST1047,SME,Abuja,Standard,Card,1/5/2024,20000,92,39480.97,594,7,2.4,3632249.24,1,Is_Churned,6/3/2024,Inactive,21.1,Daily,53,5000,0,172144.51,4992953.83
CUST1048,Corporate,Abuja,Basic,Wallet,7/4/2021,5000,15,28890.36,,4,3.6,433355.4,1,Is_Churned,6/5/2024,Poor Service,51.6,Daily,89,20000,-0.04,8398.36,483795.75
CUST1049,Corporate,Kano,Basic,Card,3/4/2024,20000,191,54268.84,638,0,2.4,10365348.44,0,Not_Churned,,None,19.2,Monthly,53,10000,0.07,539861.9,13487102.68
CUST1050,SME,Lagos,Premium,Transfer,12/7/2023,10000,19,11764.95,756,3,3.7,223534.05,1,Is_Churned,9/7/2021,None,22.1,Weekly,76,10000,0.26,10114.66,279518.39
CUST1051,Corporate,Abuja,Premium,Transfer,1/26/2022,5000,14,70423.12,783,1,3.9,985923.68,1,Is_Churned,9/19/2023,Inactive,44.8,Weekly,91,50000,0.3,22007.22,1097062.7
CUST1052,SME,Lagos,Standard,Wallet,7/1/2024,10000,45,57084.23,666,2,3.2,2568790.35,0,Not_Churned,,None,15.2,Weekly,63,0,0.28,168999.37,4366967.56
CUST1053,Enterprise,Lagos,Basic,Card,8/31/2020,30000,159,90877.5,613,2,3.5,14449522.5,0,Not_Churned,,None,61.9,Monthly,52,50000,0.17,233433.32,17090400.85
CUST1054,SME,Lagos,Standard,Wallet,5/20/2022,5000,192,24795.34,481,8,4.6,4760705.28,0,Not_Churned,,None,41,Monthly,40,5000,-0.03,116114.76,5840749.51
CUST1055,Enterprise,Enugu,Premium,Wallet,2/8/2024,10000,77,82369.83,527,9,2.3,6342476.91,0,Not_Churned,,None,20,Monthly,51,20000,0.24,317123.85,7379470.6
CUST1056,Enterprise,Ibadan,Premium,Card,3/24/2023,20000,56,81276.49,661,3,4.4,4551483.44,0,Not_Churned,,None,30.7,Monthly,90,0,-0.18,148256.79,6045333.51
CUST1057,Retail,Lagos,Standard,Wallet,1/10/2022,30000,132,21446.31,466,1,2.5,2830912.92,0,Not_Churned,,None,45.3,Weekly,81,20000,0.28,62492.56,3317571.19
CUST1058,SME,Enugu,Premium,Transfer,5/27/2022,10000,32,45870.33,461,2,2.1,1467850.56,0,Not_Churned,,None,40.7,Weekly,63,0,0.27,36065.12,1822117.73
CUST1059,Retail,Kano,Standard,Cash,6/12/2024,5000,69,25313.74,532,2,2.6,1746648.06,0,Not_Churned,,None,15.8,Monthly,76,5000,0.2,110547.35,2513409.56
CUST1060,SME,Abuja,Basic,Cash,6/25/2021,10000,21,32924.85,536,6,4.3,691421.85,0,Not_Churned,,None,51.9,Monthly,59,5000,-0.14,13322.19,736337.92
CUST1061,SME,Ibadan,Standard,Wallet,12/11/2020,30000,99,33692.16,427,7,3.2,3335523.84,1,Is_Churned,9/6/2024,High Fees,58.5,Weekly,45,0,0.4,57017.5,3856418.8
CUST1062,Retail,Abuja,Basic,Card,5/7/2022,5000,176,60061.28,610,5,4.6,10570785.28,1,Is_Churned,8/12/2020,Switched to Competitor,41.4,Weekly,51,10000,0.25,255332.98,12357390.18
CUST1063,Retail,Ibadan,Basic,Card,6/13/2021,30000,142,47026.98,604,3,3.6,6677831.16,1,Is_Churned,5/11/2022,Switched to Competitor,52.3,Daily,60,0,0.24,127683.2,8065286.99
CUST1064,SME,Abuja,Premium,Transfer,8/11/2022,10000,67,95295.95,652,5,2.1,6384828.65,0,Not_Churned,,None,38.2,Monthly,42,5000,-0.16,167142.11,7996620.32
CUST1065,Corporate,Ibadan,Premium,Card,8/24/2021,20000,179,21373.31,437,0,4.2,3825822.49,0,Not_Churned,,None,49.9,Daily,66,20000,0.04,76669.79,4303939.6
CUST1066,Enterprise,Abuja,Premium,Card,7/6/2020,20000,42,97632.29,,9,2.3,4100556.18,0,Not_Churned,,None,63.7,Weekly,85,50000,-0.15,64372.94,4713176.66
CUST1067,Retail,Abuja,Standard,Transfer,12/24/2021,10000,74,30757.48,516,7,,2276053.52,0,Not_Churned,,None,45.9,Weekly,92,20000,0.02,49587.22,2645819.22
CUST1068,Enterprise,Abuja,Standard,Wallet,1/1/2022,10000,108,79558.65,804,0,2.5,8592334.2,0,Not_Churned,,None,45.6,Monthly,75,5000,0.14,188428.38,9495847.38
CUST1069,Corporate,Abuja,Premium,Cash,9/19/2020,10000,57,40507.29,589,4,3,2308915.53,0,Not_Churned,,None,61.2,Daily,56,20000,0.33,37727.38,2564668.69
CUST1070,Corporate,Kano,Standard,Transfer,8/8/2021,5000,176,22877.33,445,1,4.3,4026410.08,1,Is_Churned,11/16/2022,Switched to Competitor,50.5,Weekly,88,10000,-0.03,79730.89,4425308.5
CUST1071,Corporate,Lagos,Premium,Wallet,3/22/2024,30000,123,87210.03,565,5,4.9,10726833.69,0,Not_Churned,,None,18.6,Daily,85,10000,0.17,576711.49,12482798.33
CUST1072,Retail,Port Harcourt,Standard,Transfer,1/20/2021,30000,78,37797.48,704,8,3.1,2948203.44,0,Not_Churned,,None,57.1,Daily,54,0,-0.1,51632.28,3217783.68
CUST1073,Corporate,Enugu,Basic,Wallet,10/31/2020,30000,58,69296.99,602,4,4.5,4019225.42,0,Not_Churned,,None,59.8,Daily,78,20000,0.01,67211.13,4347598.45
CUST1074,Retail,Port Harcourt,Basic,Transfer,12/29/2022,10000,24,60979.93,632,3,2.6,1463518.32,0,Not_Churned,,None,33.5,Daily,43,20000,0.37,43687.11,1596284.72
CUST1075,Corporate,Port Harcourt,Premium,Wallet,2/22/2024,30000,83,52458.07,,1,4.4,4354019.81,0,Not_Churned,,None,19.5,Daily,56,5000,0.25,223283.07,6599204.44
CUST1076,Enterprise,Ibadan,Standard,Transfer,8/5/2024,10000,35,54623.75,608,2,4,1911831.25,0,Not_Churned,,None,14,Monthly,77,0,0.13,136559.38,2416126.6
CUST1077,Enterprise,Lagos,Standard,Wallet,2/19/2020,5000,139,75901.41,647,5,,10550295.99,0,Not_Churned,,None,68.3,Monthly,50,0,-0.05,154469.93,11638001.12
CUST1078,SME,Ibadan,Basic,Transfer,3/26/2023,20000,62,17899.56,694,7,2.9,1109772.72,0,Not_Churned,,None,30.6,Daily,51,20000,0.03,36267.08,1354972.51
CUST1079,Enterprise,Lagos,Basic,Cash,2/11/2024,10000,109,70136.26,,7,,7644852.34,0,Not_Churned,,None,19.9,Monthly,86,50000,-0.11,384163.43,9424555.83
CUST1080,SME,Lagos,Premium,Cash,2/13/2024,10000,14,90623.09,782,4,3.1,1268723.26,0,Not_Churned,,None,19.8,Weekly,71,20000,0.01,64076.93,2018539.69
CUST1081,Enterprise,Abuja,Basic,Card,2/9/2021,20000,14,15200.94,557,4,2.6,212813.16,0,Not_Churned,,None,56.5,Daily,66,20000,-0.11,3766.6,244578.91
CUST1082,Retail,Kano,Premium,Wallet,12/25/2020,20000,43,22658.8,804,9,3.9,974328.4,1,Is_Churned,9/7/2024,Inactive,58,Monthly,83,20000,0.28,16798.77,1147719.14
CUST1083,Enterprise,Abuja,Basic,Transfer,10/26/2020,5000,160,74496.87,400,2,5,11919499.2,0,Not_Churned,,None,60,Monthly,82,10000,-0.15,198658.32,13402536.21
CUST1084,SME,Kano,Basic,Wallet,6/4/2021,30000,162,49355.35,616,6,2,7995566.7,0,Not_Churned,,None,52.6,Weekly,66,0,-0.09,152006.97,9440439.58
CUST1085,SME,Ibadan,Standard,Cash,11/28/2022,10000,41,46319.38,815,5,3.6,1899094.58,0,Not_Churned,,None,34.6,Weekly,88,10000,0.21,54887.13,2542811.67
CUST1086,Corporate,Kano,Basic,Wallet,2/24/2024,30000,123,22327,648,0,3.7,2746221,0,Not_Churned,,None,19.5,Weekly,79,50000,0.34,140831.85,3610315.84
CUST1087,Retail,Ibadan,Basic,Transfer,2/25/2021,10000,71,55609.3,791,3,4.7,3948260.3,0,Not_Churned,,None,55.9,Weekly,83,5000,0.38,70630.77,4480701.25
CUST1088,Enterprise,Port Harcourt,Premium,Wallet,8/27/2023,5000,47,21389.08,,5,,1005286.76,0,Not_Churned,,None,25.5,Daily,68,50000,0.3,39423.01,1306117.12
CUST1089,Corporate,Port Harcourt,Basic,Transfer,3/24/2020,20000,56,52895.84,429,5,3.6,2962167.04,0,Not_Churned,,None,67.2,Monthly,48,0,-0.07,44079.87,3487949.9
CUST1090,Enterprise,Kano,Premium,Cash,7/28/2023,5000,105,78725.38,514,2,3.4,8266164.9,0,Not_Churned,,None,26.5,Monthly,82,5000,-0.03,311930.75,9856354.25
CUST1091,Enterprise,Kano,Basic,Cash,7/25/2024,20000,60,33243.79,407,5,2.8,1994627.4,0,Not_Churned,,None,14.4,Weekly,42,50000,0.32,138515.79,3252041.52
CUST1092,Corporate,Ibadan,Basic,Cash,8/28/2024,30000,80,53270.76,768,9,2.2,4261660.8,1,Is_Churned,5/15/2022,None,13.3,Monthly,78,0,0.33,320425.62,5621568.58
CUST1093,Corporate,Abuja,Premium,Card,3/3/2024,30000,72,99281.44,674,5,3.2,7148263.68,1,Is_Churned,3/3/2024,High Fees,19.2,Monthly,68,50000,0.18,372305.4,11371570.22
CUST1094,Corporate,Ibadan,Standard,Cash,7/17/2021,5000,141,71798.54,714,8,2.2,10123594.14,0,Not_Churned,,None,51.2,Monthly,60,5000,-0.01,197726.45,11767380.68
CUST1095,Corporate,Abuja,Premium,Wallet,11/13/2023,20000,110,85722.11,838,8,3.7,9429432.1,0,Not_Churned,,None,22.9,Weekly,74,5000,-0.07,411765.59,13849613.63
CUST1096,Corporate,Port Harcourt,Premium,Card,4/8/2024,5000,129,47336.28,813,1,2.9,6106380.12,0,Not_Churned,,None,18,Monthly,92,50000,0.31,339243.34,9857452.72
CUST1097,Enterprise,Lagos,Premium,Cash,4/21/2024,20000,96,79107.48,734,3,3.6,7594318.08,0,Not_Churned,,None,17.6,Monthly,87,10000,-0.08,431495.35,11052317.24
CUST1098,Corporate,Kano,Standard,Wallet,1/25/2024,20000,27,13645.83,435,8,2.4,368437.41,0,Not_Churned,,None,20.5,Monthly,49,,0.2,17972.56,532671.91
CUST1099,Retail,Abuja,Basic,Wallet,1/22/2024,30000,195,21062.01,710,3,4.8,4107091.95,0,Not_Churned,,None,20.6,Daily,62,50000,0.38,199373.4,5958969.03
CUST1100,SME,Ibadan,Premium,Wallet,2/4/2020,30000,113,28276.35,443,7,4.7,3195227.55,1,Is_Churned,10/24/2024,Switched to Competitor,68.8,Daily,78,50000,0.22,46442.26,3527026.2
CUST1101,Corporate,Port Harcourt,Premium,Transfer,2/14/2020,20000,65,46175.67,554,9,2.6,3001418.55,0,Not_Churned,,None,68.5,Monthly,64,10000,-0.05,43816.33,3304344.74
CUST1102,Corporate,Abuja,Standard,Card,10/31/2021,20000,172,86117.04,476,2,3,14812130.88,0,Not_Churned,,None,47.7,Monthly,63,20000,-0.03,310526.85,16264059.27
CUST1103,Enterprise,Ibadan,Premium,Wallet,8/4/2021,20000,48,41163.94,477,2,3.8,1975869.12,0,Not_Churned,,None,50.6,Monthly,59,5000,-0.14,39048.8,2227938.31
CUST1104,Corporate,Kano,Basic,Transfer,3/25/2021,30000,156,68915.91,500,8,2.3,10750881.96,0,Not_Churned,,None,55,Monthly,54,0,0.21,195470.58,13080268.14
CUST1105,Corporate,Kano,Standard,Cash,10/18/2020,30000,183,73838.29,837,9,3.1,13512407.07,1,Is_Churned,11/7/2024,None,60.3,Monthly,60,,0.11,224086.35,14728916.62
CUST1106,Corporate,Enugu,Basic,Wallet,4/30/2023,10000,190,62756.41,831,7,2.8,11923717.9,0,Not_Churned,,None,29.5,Monthly,92,5000,-0.08,404193.83,15909864.67
CUST1107,Enterprise,Lagos,Basic,Transfer,5/2/2023,20000,165,42151.78,429,0,4.7,6955043.7,1,Is_Churned,4/8/2023,Poor Service,29.4,Daily,81,20000,-0.06,236566.11,7791098.37
CUST1108,Corporate,Enugu,Standard,Wallet,8/16/2022,10000,20,61934.8,438,9,4.6,1238696,0,Not_Churned,,None,38,Weekly,51,5000,-0.19,32597.26,1473631.48
CUST1109,SME,Port Harcourt,Premium,Card,9/23/2022,20000,26,40803.9,638,1,3.7,1060901.4,0,Not_Churned,,None,36.8,Monthly,57,5000,0.39,28828.84,1162542.9
CUST1110,Enterprise,Abuja,Basic,Card,9/5/2020,30000,61,17548.64,412,2,3.6,1070467.04,1,Is_Churned,10/27/2020,Poor Service,61.7,Monthly,99,10000,0.3,17349.55,1196810.12
CUST1111,SME,Port Harcourt,Basic,Cash,8/20/2023,10000,66,99352.36,521,1,4.8,6557255.76,0,Not_Churned,,None,25.7,Monthly,62,10000,0.04,255146.14,7385963.35
CUST1112,Enterprise,Ibadan,Basic,Wallet,4/27/2024,10000,111,21446.42,543,2,4.8,2380552.62,0,Not_Churned,,None,17.4,Weekly,94,10000,0.37,136813.37,3546155.07
CUST1113,Corporate,Kano,Basic,Transfer,3/5/2023,5000,75,16511.35,571,7,4.9,1238351.25,0,Not_Churned,,None,31.3,Monthly,80,10000,0.21,39563.94,1565884.64
CUST1114,SME,Enugu,Standard,Cash,10/6/2023,20000,94,89067.77,767,5,2.4,8372370.38,0,Not_Churned,,None,24.2,Monthly,68,10000,0.25,345965.72,11894505.23
CUST1115,Enterprise,Enugu,Standard,Wallet,10/9/2022,30000,76,37165.12,646,6,2.5,2824549.12,0,Not_Churned,,None,36.2,Weekly,80,0,0.21,78026.22,3468232.38
CUST1116,Retail,Enugu,Basic,Cash,9/16/2023,5000,74,68526.73,646,9,4,5070978.02,1,Is_Churned,8/30/2023,High Fees,24.8,Monthly,75,20000,0.25,204474.92,7388495.22
CUST1117,Corporate,Port Harcourt,Premium,Transfer,5/2/2024,5000,34,39610.52,,9,3.6,1346757.68,1,Is_Churned,9/7/2024,Switched to Competitor,17.2,Weekly,44,50000,-0.1,78299.87,2133510.28
CUST1118,Enterprise,Kano,Basic,Cash,3/10/2024,20000,107,45230.88,444,5,2.1,4839704.16,0,Not_Churned,,None,19,Weekly,78,10000,0.14,254721.27,5907981.88
CUST1119,Retail,Abuja,Premium,Cash,3/27/2021,5000,155,33590.17,652,0,2.2,5206476.35,0,Not_Churned,,None,54.9,Monthly,65,20000,0.31,94835.63,5717569.83
CUST1120,Enterprise,Ibadan,Basic,Cash,5/12/2021,20000,36,40873.96,774,2,4.7,1471462.56,0,Not_Churned,,None,53.4,Daily,78,50000,-0.19,27555.48,1560634.24
CUST1121,Retail,Abuja,Premium,Wallet,1/28/2021,5000,90,46963.04,690,0,4.6,4226673.6,1,Is_Churned,10/3/2022,Poor Service,56.9,Daily,50,5000,-0.13,74282.49,4707668.11
CUST1122,Corporate,Port Harcourt,Basic,Transfer,8/25/2024,20000,61,74837.45,606,9,3.1,4565084.45,1,Is_Churned,4/29/2025,None,13.4,Monthly,81,,-0.05,340677.94,7149408.07
CUST1123,SME,Ibadan,Premium,Card,5/17/2023,30000,113,56038.26,811,8,4.7,6332323.38,0,Not_Churned,,None,28.9,Weekly,50,20000,-0.02,219111.54,8855067.78
CUST1124,Retail,Enugu,Basic,Wallet,8/26/2020,20000,13,94920.87,406,8,3.8,1233971.31,0,Not_Churned,,None,62,Weekly,95,0,-0.09,19902.76,1387230.47
CUST1125,Enterprise,Lagos,Basic,Card,2/2/2021,20000,35,13769.24,845,4,4.4,481923.4,0,Not_Churned,,None,56.7,Weekly,95,0,0.17,8499.53,567167.28
CUST1126,Corporate,Port Harcourt,Premium,Card,4/26/2020,10000,75,55276.15,641,3,3.3,4145711.25,0,Not_Churned,,None,66.1,Monthly,57,20000,-0.02,62718.78,4485158.95
CUST1127,Retail,Port Harcourt,Standard,Wallet,12/4/2020,30000,141,62580.23,509,8,2.3,8823812.43,0,Not_Churned,,None,58.7,Daily,51,,-0.11,150320.48,9481979.26
CUST1128,Enterprise,Kano,Premium,Wallet,4/18/2022,30000,17,92817.73,513,8,3.3,1577901.41,0,Not_Churned,,None,42,Weekly,96,0,0.34,37569.08,1964769.95
CUST1129,Enterprise,Abuja,Standard,Transfer,8/2/2024,30000,190,14424.27,706,2,3.4,2740611.3,0,Not_Churned,,None,14.1,Weekly,55,5000,0.22,194369.6,3756547.5
CUST1130,Enterprise,Port Harcourt,Basic,Transfer,9/29/2022,5000,135,61614.96,701,4,3.7,8318019.6,1,Is_Churned,11/4/2022,None,36.6,Monthly,66,,-0.05,227268.3,10782066.34
CUST1131,Retail,Port Harcourt,Premium,Cash,9/29/2024,10000,39,86826.69,675,2,2.3,3386240.91,1,Is_Churned,10/3/2022,Poor Service,12.2,Daily,75,0,0.02,277560.73,4643216
CUST1132,Retail,Enugu,Premium,Card,8/4/2021,30000,25,31773.5,495,9,5,794337.5,1,Is_Churned,6/30/2024,Switched to Competitor,50.6,Daily,56,20000,0.24,15698.37,961749.32
CUST1133,Retail,Enugu,Premium,Transfer,1/1/2022,5000,68,88866.31,693,1,2.7,6042909.08,0,Not_Churned,,None,45.6,Monthly,88,0,0.27,132519.94,7362228.52
CUST1134,SME,Ibadan,Standard,Cash,8/4/2022,5000,99,11713.91,588,0,2.6,1159677.09,0,Not_Churned,,None,38.4,Daily,60,10000,-0.09,30199.92,1416406.03
CUST1135,Retail,Lagos,Standard,Transfer,7/22/2020,5000,184,75920.92,759,9,3.6,13969449.28,0,Not_Churned,,None,63.2,Monthly,94,10000,0.36,221035.59,16323917.32
CUST1136,Retail,Kano,Basic,Wallet,4/1/2023,10000,38,93980.19,687,1,3.6,3571247.22,0,Not_Churned,,None,30.4,Weekly,76,,0.27,117475.24,4273325.27
CUST1137,Retail,Lagos,Standard,Transfer,3/17/2022,5000,125,69147.79,553,7,3.3,8643473.75,0,Not_Churned,,None,43.1,Monthly,70,10000,0.31,200544.63,9544782.75
CUST1138,SME,Ibadan,Standard,Card,7/6/2023,10000,167,49512.63,457,7,4.3,8268609.21,1,Is_Churned,3/10/2024,High Fees,27.2,Weekly,84,5000,-0.11,303992.99,9610241.68
CUST1139,Retail,Enugu,Basic,Transfer,12/1/2020,20000,19,14039.29,822,2,3.5,266746.51,0,Not_Churned,,None,58.8,Monthly,74,20000,-0.11,4536.51,291394.69
CUST1140,Enterprise,Abuja,Premium,Card,4/23/2022,5000,124,92810.24,803,6,3.8,11508469.76,1,Is_Churned,8/4/2023,Switched to Competitor,41.9,Weekly,66,0,-0.02,274665.15,13435532.61
CUST1141,Retail,Enugu,Premium,Wallet,12/25/2022,30000,100,52326.66,737,6,4.2,5232666,1,Is_Churned,5/20/2021,Inactive,33.7,Weekly,62,,-0.16,155271.99,6922678.35
CUST1142,Enterprise,Kano,Basic,Card,4/3/2020,5000,10,12609.71,449,1,2.1,126097.1,1,Is_Churned,1/17/2024,Poor Service,66.9,Monthly,71,5000,-0.15,1884.86,133270.57
CUST1143,Enterprise,Enugu,Premium,Transfer,6/12/2024,20000,113,72083.9,606,8,,8145480.7,1,Is_Churned,6/15/2024,Inactive,15.8,Weekly,56,20000,-0.11,515536.75,13938659.08
CUST1144,Enterprise,Kano,Standard,Cash,7/27/2023,20000,101,53365.35,451,2,4.7,5389900.35,0,Not_Churned,,None,26.5,Daily,50,20000,0.23,203392.47,7694225.76
CUST1145,SME,Kano,Basic,Wallet,12/13/2020,5000,36,21191.08,741,1,2.1,762878.88,1,Is_Churned,1/13/2021,Poor Service,58.4,Monthly,40,0,-0.18,13062.99,887566.52
CUST1146,SME,Kano,Basic,Transfer,1/16/2024,20000,184,29284.46,770,2,3.2,5388340.64,0,Not_Churned,,None,20.8,Daily,67,50000,-0.15,259054.84,8264510.64
CUST1147,SME,Ibadan,Basic,Wallet,11/14/2022,10000,87,15804.16,549,1,4.8,1374961.92,1,Is_Churned,2/29/2024,High Fees,35,Weekly,57,,0.37,39284.63,1765053.7
CUST1148,Retail,Kano,Premium,Wallet,4/9/2024,10000,160,61686.42,452,7,3.1,9869827.2,0,Not_Churned,,None,18,Weekly,88,5000,-0.15,548323.73,14121917.93
CUST1149,Enterprise,Kano,Basic,Transfer,7/25/2022,5000,122,65982.65,612,4,3.4,8049883.3,0,Not_Churned,,None,38.8,Weekly,80,20000,0.12,207471.22,9794042.44
CUST1150,SME,Abuja,Basic,Transfer,5/21/2023,10000,196,55516.81,465,2,4.9,10881294.76,0,Not_Churned,,None,28.8,Monthly,59,10000,0.19,377822.73,14150980.19
CUST1151,SME,Lagos,Basic,Cash,12/19/2020,10000,83,83539.19,631,4,2.6,6933752.77,0,Not_Churned,,None,58.2,Weekly,46,5000,0.38,119136.65,7427221.74
CUST1152,Retail,Port Harcourt,Premium,Wallet,7/11/2023,30000,82,87490.79,772,7,2.2,7174244.78,0,Not_Churned,,None,27.1,Daily,76,5000,0.34,264732.28,8428410.59
CUST1153,SME,Lagos,Standard,Wallet,1/29/2021,5000,151,65406.2,698,6,4.6,9876336.2,0,Not_Churned,,None,56.8,Daily,55,20000,0.06,173879.16,11216999.99
CUST1154,Retail,Kano,Basic,Transfer,7/28/2020,20000,111,11148.08,737,5,4.6,1237436.88,1,Is_Churned,4/29/2023,Switched to Competitor,63,Monthly,78,10000,0.37,19641.86,1316732.45
CUST1155,Corporate,Abuja,Standard,Card,7/2/2022,5000,130,72570.67,550,0,3.4,9434187.1,0,Not_Churned,,None,39.5,Daily,84,5000,0.06,238840.18,12224990.11
CUST1156,SME,Enugu,Premium,Transfer,10/4/2023,10000,19,47619.93,604,9,3.5,904778.67,0,Not_Churned,,None,24.2,Monthly,84,20000,0.2,37387.55,1187583.58
CUST1157,Corporate,Abuja,Premium,Wallet,10/29/2021,30000,138,60900.17,719,0,4.5,8404223.46,0,Not_Churned,,None,47.7,Monthly,86,10000,-0.04,176189.17,9535494.48
CUST1158,Retail,Kano,Premium,Transfer,2/28/2023,5000,77,68417.25,654,0,4.2,5268128.25,0,Not_Churned,,None,31.5,Weekly,62,10000,0.18,167242.17,6006980.9
CUST1159,Enterprise,Abuja,Premium,Cash,3/6/2024,5000,105,41521.3,536,9,2.8,4359736.5,0,Not_Churned,,None,19.1,Daily,71,20000,0.12,228258.46,5900208.44
CUST1160,SME,Abuja,Standard,Card,10/16/2023,10000,102,92538.87,768,7,2.1,9438964.74,0,Not_Churned,,None,23.8,Daily,88,10000,0.16,396595.16,11708217.15
CUST1161,Retail,Kano,Basic,Transfer,12/11/2023,10000,170,22057.74,534,7,3.4,3749815.8,0,Not_Churned,,None,22,Daily,56,50000,0.21,170446.17,4396035.9
CUST1162,Enterprise,Ibadan,Premium,Cash,6/8/2023,5000,30,70436.06,824,6,4.6,2113081.8,0,Not_Churned,,None,28.2,Weekly,98,,-0.1,74931.98,2990014.37
CUST1163,Enterprise,Abuja,Premium,Wallet,10/20/2021,10000,96,10392.36,453,5,4.7,997666.56,0,Not_Churned,,None,48,Monthly,58,5000,-0.02,20784.72,1109588.18
CUST1164,Corporate,Port Harcourt,Standard,Transfer,12/28/2021,10000,129,93218.6,464,3,4.9,12025199.4,0,Not_Churned,,None,45.7,Daily,81,10000,0.24,263133.47,14449772.47
CUST1165,Retail,Port Harcourt,Standard,Wallet,4/15/2024,10000,183,20125.37,401,0,4.6,3682942.71,0,Not_Churned,,None,17.8,Daily,73,20000,-0.1,206906.89,4473720.61
CUST1166,Enterprise,Abuja,Premium,Cash,6/14/2021,10000,77,18539.58,531,8,3.7,1427547.66,1,Is_Churned,10/24/2023,Switched to Competitor,52.3,Daily,53,0,0.01,27295.37,1733761.53
CUST1167,SME,Ibadan,Basic,Wallet,5/1/2024,10000,127,39970.69,733,0,3.3,5076277.63,0,Not_Churned,,None,17.2,Daily,94,10000,0.2,295132.42,7530824.03
CUST1168,SME,Enugu,Basic,Cash,4/15/2023,30000,57,43620.97,431,3,4.3,2486395.29,0,Not_Churned,,None,30,Weekly,42,0,0.36,82879.84,3225007.74
CUST1169,Corporate,Kano,Premium,Cash,9/8/2022,10000,188,29287.01,755,2,4.2,5505957.88,0,Not_Churned,,None,37.3,Monthly,78,10000,-0.15,147612.81,6987408.72
CUST1170,Enterprise,Port Harcourt,Standard,Cash,4/21/2024,20000,191,62660.95,785,6,3.6,11968241.45,0,Not_Churned,,None,17.6,Daily,64,0,0.11,680013.72,17716559.26
CUST1171,Retail,Enugu,Premium,Transfer,2/2/2022,5000,82,49862.27,759,4,2.3,4088706.14,0,Not_Churned,,None,44.5,Daily,99,10000,-0.15,91881.04,4422984.86
CUST1172,SME,Abuja,Premium,Wallet,3/11/2023,30000,96,13075.8,642,4,4.8,1255276.8,0,Not_Churned,,None,31.1,Monthly,50,20000,0.03,40362.6,1532416.23
CUST1173,Enterprise,Enugu,Standard,Wallet,2/26/2024,30000,190,38768.69,591,3,3.4,7366051.1,0,Not_Churned,,None,19.4,Weekly,88,,-0.09,379693.36,9400551.04
CUST1174,Enterprise,Lagos,Premium,Card,6/7/2023,10000,92,82938.96,541,0,3.1,7630384.32,1,Is_Churned,7/2/2021,Poor Service,28.2,Weekly,54,50000,0.19,270581,9627394.6
CUST1175,Corporate,Port Harcourt,Premium,Card,9/20/2020,5000,17,72073.14,547,4,3.9,1225243.38,0,Not_Churned,,None,61.2,Weekly,58,20000,0.25,20020.32,1358157.02
CUST1176,SME,Abuja,Premium,Card,11/25/2021,20000,47,75238.38,488,3,4,3536203.86,1,Is_Churned,6/28/2022,None,46.8,Weekly,82,10000,-0.05,75559.91,4324958.43
CUST1177,SME,Kano,Standard,Card,1/21/2021,10000,80,72830.52,448,9,2.6,5826441.6,0,Not_Churned,,None,57.1,Daily,54,0,0.23,102039.26,6359436.47
CUST1178,Retail,Ibadan,Basic,Wallet,8/6/2023,5000,55,37987.57,535,7,4.5,2089316.35,0,Not_Churned,,None,26.2,Monthly,54,5000,0.07,79744.9,2473025.68
CUST1179,SME,Abuja,Basic,Cash,1/29/2024,10000,23,18969.75,590,1,2.9,436304.25,1,Is_Churned,6/13/2020,Inactive,20.3,Monthly,77,20000,-0.03,21492.82,686110.49
CUST1180,Retail,Kano,Standard,Cash,8/20/2020,10000,153,34522.05,829,7,2.6,5281873.65,1,Is_Churned,6/23/2024,Switched to Competitor,62.2,Monthly,54,0,0.11,84917.58,6262302.09
CUST1181,SME,Ibadan,Basic,Transfer,9/12/2024,10000,126,84860.68,548,0,3.2,10692445.68,0,Not_Churned,,None,12.8,Weekly,48,20000,0.03,835347.32,20667482.32
CUST1182,Corporate,Ibadan,Premium,Cash,3/12/2020,10000,28,98242.37,486,3,4.2,2750786.36,1,Is_Churned,11/22/2024,Switched to Competitor,67.6,Weekly,44,0,-0.06,40692.11,3081020.41
CUST1183,SME,Abuja,Basic,Wallet,5/8/2022,10000,30,54446.23,815,2,4.9,1633386.9,0,Not_Churned,,None,41.4,Monthly,58,5000,0.25,39453.79,1791923.9
CUST1184,Retail,Enugu,Premium,Wallet,12/6/2021,10000,177,10873.03,407,4,4.4,1924526.31,0,Not_Churned,,None,46.5,Daily,63,50000,0.28,41387.66,2376541.92
CUST1185,Retail,Enugu,Basic,Wallet,6/20/2022,10000,160,22604.03,622,4,4.8,3616644.8,0,Not_Churned,,None,39.9,Weekly,68,5000,0.28,90642.73,4006955.68
CUST1186,Corporate,Ibadan,Standard,Transfer,4/11/2024,20000,124,38987.25,756,4,2.4,4834419,0,Not_Churned,,None,17.9,Daily,99,10000,0.03,270079.27,6022861.96
CUST1187,SME,Enugu,Basic,Card,4/3/2022,30000,86,62072.68,415,3,2.2,5338250.48,1,Is_Churned,1/16/2020,Poor Service,42.5,Monthly,44,20000,-0.1,125605.89,5933694.86
CUST1188,SME,Lagos,Basic,Cash,4/10/2024,20000,104,16758.43,695,7,3.7,1742876.72,0,Not_Churned,,None,17.9,Weekly,61,50000,0.3,97367.41,2607574.17
CUST1189,Corporate,Ibadan,Basic,Wallet,5/10/2020,10000,161,94902.16,505,2,2.9,15279247.76,0,Not_Churned,,None,65.6,Daily,52,20000,0,232915.36,16202708.45
CUST1190,SME,Ibadan,Standard,Wallet,3/4/2020,10000,21,42857.53,682,3,4.5,900008.13,1,Is_Churned,2/15/2022,None,67.9,Weekly,89,0,0.25,13254.91,1032617.6
CUST1191,SME,Kano,Basic,Card,7/3/2020,20000,72,92132.58,503,0,4,6633545.76,0,Not_Churned,,None,63.8,Monthly,91,10000,0.29,103974.07,6999977.78
CUST1192,Retail,Enugu,Standard,Wallet,4/13/2021,20000,48,80246.96,760,6,4.9,3851854.08,0,Not_Churned,,None,54.4,Monthly,88,10000,0.26,70806.14,4134655.09
CUST1193,SME,Ibadan,Premium,Cash,1/31/2023,30000,65,77989.35,545,0,2.8,5069307.75,0,Not_Churned,,None,32.4,Monthly,86,20000,0.03,156460.12,6150507.44
CUST1194,SME,Lagos,Basic,Transfer,5/5/2021,20000,127,64604.76,434,1,3.5,8204804.52,0,Not_Churned,,None,53.6,Daily,85,10000,0.36,153074.71,9186402.7
CUST1195,Corporate,Kano,Standard,Wallet,5/29/2023,30000,97,66410.54,512,6,3.5,6441822.38,1,Is_Churned,8/12/2021,Inactive,28.5,Weekly,68,20000,0.2,226028.86,9133232.77
CUST1196,Corporate,Abuja,Standard,Cash,4/27/2020,10000,78,67420.29,707,0,2.7,5258782.62,0,Not_Churned,,None,66.1,Weekly,55,0,0.15,79557.98,6189752.11
CUST1197,Enterprise,Ibadan,Basic,Wallet,8/31/2022,5000,157,66584.92,798,2,3.8,10453832.44,0,Not_Churned,,None,37.5,Weekly,75,0,0.22,278768.87,11766035.68
CUST1198,Retail,Lagos,Premium,Card,10/5/2020,5000,71,59835.54,846,5,3.3,4248323.34,0,Not_Churned,,None,60.7,Monthly,56,20000,-0.17,69988.85,5054594.04
CUST1199,SME,Port Harcourt,Standard,Wallet,11/25/2023,5000,115,98777.26,,5,3.3,11359384.9,0,Not_Churned,,None,22.5,Daily,59,,0.03,504861.55,16019437.29
CUST1200,SME,Lagos,Basic,Wallet,1/13/2022,5000,6,75906.15,746,5,3.1,455436.9,0,Not_Churned,,None,45.2,Monthly,53,5000,0.33,10076.04,522740.81
CUST1201,Enterprise,Lagos,Premium,Transfer,11/11/2022,10000,93,79925.17,480,1,2.1,7433040.81,1,Is_Churned,3/28/2023,None,35.1,Monthly,89,0,-0.1,211767.54,9478011.68
CUST1202,SME,Kano,Standard,Card,2/20/2024,5000,181,88521.65,503,1,3.6,16022418.65,0,Not_Churned,,None,19.6,Daily,45,50000,0.05,817470.34,25097376.56
CUST1203,Retail,Abuja,Standard,Card,12/7/2021,20000,30,29407.58,721,5,3,882227.4,0,Not_Churned,,None,46.4,Monthly,61,5000,0.04,19013.52,970094.01
CUST1204,Enterprise,Port Harcourt,Premium,Transfer,1/20/2020,20000,103,17542.37,,9,2,1806864.11,0,Not_Churned,,None,69.3,Monthly,79,20000,0.01,26073.08,1931072.9
CUST1205,Retail,Enugu,Premium,Wallet,12/6/2020,5000,31,53460.5,641,4,2.9,1657275.5,0,Not_Churned,,None,58.6,Weekly,48,0,0.14,28281.15,1846150.68
CUST1206,Enterprise,Enugu,Basic,Cash,5/13/2020,20000,93,56267.26,430,6,2.8,5232855.18,0,Not_Churned,,None,65.5,Daily,71,10000,0.4,79890.92,5594194.38
CUST1207,Enterprise,Lagos,Basic,Card,3/23/2022,30000,150,84626.36,716,6,3.2,12693954,0,Not_Churned,,None,42.9,Daily,63,10000,-0.05,295896.36,14541405.66
CUST1208,Corporate,Kano,Standard,Card,8/7/2022,10000,186,49940.52,591,4,2.4,9288936.72,1,Is_Churned,2/12/2024,None,38.3,Weekly,72,5000,0.22,242530.98,11425931.26
CUST1209,Retail,Kano,Premium,Wallet,4/25/2022,5000,5,61376.77,756,7,3.5,306883.85,0,Not_Churned,,None,41.8,Daily,52,50000,0.25,7341.72,382616.4
CUST1210,SME,Enugu,Premium,Wallet,2/1/2020,5000,193,57436.38,760,9,4.1,11085221.34,0,Not_Churned,,None,68.9,Weekly,74,5000,0.15,160888.55,12005087.61
CUST1211,SME,Port Harcourt,Premium,Card,5/16/2023,10000,107,13438.25,632,5,3.9,1437892.75,1,Is_Churned,2/29/2020,Poor Service,28.9,Monthly,45,50000,-0.14,49754.07,1713310.07
CUST1212,Retail,Abuja,Standard,Wallet,3/29/2021,20000,135,65369.34,497,4,,8824860.9,0,Not_Churned,,None,54.9,Daily,88,5000,0.14,160744.28,10435146.8
CUST1213,SME,Port Harcourt,Premium,Cash,4/8/2021,10000,45,84523.9,433,3,3.4,3803575.5,0,Not_Churned,,None,54.5,Daily,79,10000,0.37,69790.38,4252274.54
CUST1214,SME,Ibadan,Premium,Card,6/13/2020,10000,169,24175.05,642,6,3.6,4085583.45,0,Not_Churned,,None,64.5,Monthly,69,50000,0.01,63342.38,4742208.25
CUST1215,Retail,Ibadan,Standard,Cash,10/9/2021,20000,55,63489.86,838,3,4.4,3491942.3,0,Not_Churned,,None,48.4,Monthly,77,10000,0.18,72147.57,4353414.88
CUST1216,Enterprise,Abuja,Basic,Cash,2/22/2023,10000,19,63424.95,458,4,3.3,1205074.05,1,Is_Churned,7/1/2021,None,31.7,Daily,55,20000,0.38,38014.95,1654297.27
CUST1217,Retail,Enugu,Basic,Wallet,2/19/2023,20000,12,24776.65,658,4,4.1,297319.8,0,Not_Churned,,None,31.8,Daily,40,20000,0.28,9349.68,381132.06
CUST1218,Enterprise,Abuja,Standard,Cash,11/29/2021,20000,42,21111.72,416,0,3.3,886692.24,1,Is_Churned,6/9/2023,Inactive,46.7,Daily,81,0,0.21,18986.99,1007770.93
CUST1219,SME,Kano,Premium,Wallet,12/11/2023,10000,118,98204.67,477,0,3.3,11588151.06,0,Not_Churned,,None,22,Weekly,57,10000,0.38,526734.14,13478815.2
CUST1220,SME,Ibadan,Standard,Transfer,7/1/2020,30000,87,45434.73,605,2,4.3,3952821.51,0,Not_Churned,,None,63.9,Daily,61,10000,-0.1,61859.49,4549293.24
CUST1221,SME,Lagos,Basic,Wallet,2/26/2024,20000,60,30467.96,701,2,2.5,1828077.6,0,Not_Churned,,None,19.4,Daily,65,0,0.26,94230.8,2940161.64
CUST1222,Corporate,Lagos,Basic,Cash,12/19/2022,10000,179,25419.21,,1,3,4550038.59,0,Not_Churned,,None,33.9,Monthly,53,20000,0.04,134219.43,5034820.49
CUST1223,Enterprise,Enugu,Standard,Transfer,10/21/2023,20000,107,70084.15,690,1,2.7,7499004.05,0,Not_Churned,,None,23.7,Monthly,95,,0.02,316413.67,8465808.92
CUST1224,Corporate,Kano,Standard,Wallet,9/1/2024,30000,142,64850.08,784,5,3.1,9208711.36,0,Not_Churned,,None,13.1,Weekly,76,50000,0.11,702955.07,16579888.28
CUST1225,Corporate,Port Harcourt,Basic,Cash,3/23/2024,30000,106,67919.69,511,0,2.7,7199487.14,1,Is_Churned,1/31/2020,High Fees,18.5,Monthly,88,50000,-0.18,389161.47,8725128.84
CUST1226,Retail,Kano,Standard,Card,8/5/2021,5000,82,17920.54,812,5,3.7,1469484.28,0,Not_Churned,,None,50.6,Daily,53,20000,-0.01,29041.19,1577941.64
CUST1227,Corporate,Lagos,Basic,Card,4/7/2023,20000,181,90418.11,787,4,4.4,16365677.91,0,Not_Churned,,None,30.2,Daily,65,5000,-0.1,541909.86,22431288.17
CUST1228,Retail,Lagos,Standard,Wallet,4/16/2023,20000,173,45033.98,,5,,7790878.54,0,Not_Churned,,None,29.9,Weekly,89,10000,-0.12,260564.5,8759148.56
CUST1229,Retail,Ibadan,Standard,Wallet,1/18/2022,10000,87,38203.25,752,4,3.1,3323682.75,0,Not_Churned,,None,45,Monthly,75,50000,0,73859.62,3621053.47
CUST1230,Corporate,Kano,Standard,Card,4/13/2024,20000,34,51612.53,544,6,5,1754826.02,0,Not_Churned,,None,17.8,Monthly,91,5000,0.28,98585.73,2555949.71
CUST1231,Enterprise,Kano,Basic,Cash,6/23/2023,5000,9,45105.95,555,0,3.8,405953.55,0,Not_Churned,,None,27.7,Monthly,62,50000,-0.08,14655.36,549742.01
CUST1232,Enterprise,Lagos,Standard,Cash,6/26/2020,30000,123,87721.93,577,2,3.2,10789797.39,0,Not_Churned,,None,64.1,Weekly,41,0,0.12,168327.57,11900111.19
CUST1233,Enterprise,Port Harcourt,Basic,Cash,10/6/2021,30000,35,93633.49,745,5,4.5,3277172.15,1,Is_Churned,4/9/2021,High Fees,48.5,Monthly,78,10000,0.25,67570.56,3735658.85
CUST1234,Enterprise,Enugu,Basic,Wallet,5/14/2024,5000,184,37310.79,535,0,4.2,6865185.36,0,Not_Churned,,None,16.8,Monthly,46,50000,-0.06,408641.99,10417769.28
CUST1235,Enterprise,Enugu,Standard,Transfer,9/14/2024,20000,27,87754.22,817,6,4.2,2369363.94,0,Not_Churned,,None,12.7,Monthly,78,20000,0.35,186564.09,3777704.1
CUST1236,Corporate,Kano,Standard,Transfer,11/2/2021,20000,52,80337.08,,3,2.6,4177528.16,0,Not_Churned,,None,47.6,Daily,84,0,0.32,87763.2,4455531.83
CUST1237,Corporate,Enugu,Basic,Transfer,7/24/2023,5000,113,93772.69,417,2,3.4,10596313.97,0,Not_Churned,,None,26.6,Weekly,90,0,-0.05,398357.67,12198607.63
CUST1238,SME,Lagos,Basic,Transfer,10/25/2022,10000,44,32117.53,750,9,4.6,1413171.32,0,Not_Churned,,None,35.7,Daily,61,20000,0.39,39584.63,1739126.97
CUST1239,Enterprise,Lagos,Premium,Transfer,7/15/2021,30000,10,61926.32,842,8,3.5,619263.2,0,Not_Churned,,None,51.3,Weekly,67,0,0.2,12071.41,741703.19
CUST1240,Corporate,Kano,Basic,Wallet,10/12/2023,5000,42,34709.01,554,0,4.1,1457778.42,0,Not_Churned,,None,24,Monthly,77,10000,-0.03,60740.77,2057164.04
CUST1241,SME,Kano,Premium,Wallet,6/7/2023,5000,173,84168.5,671,7,3.8,14561150.5,1,Is_Churned,3/30/2023,Inactive,28.2,Daily,59,50000,0.21,516352.85,19549381.74
CUST1242,Enterprise,Ibadan,Premium,Transfer,9/1/2024,20000,104,10479.18,665,0,4.5,1089834.72,0,Not_Churned,,None,13.1,Monthly,88,0,0.2,83193.49,1916898.94
CUST1243,Retail,Kano,Premium,Wallet,5/21/2023,30000,31,60833.72,759,4,2.9,1885845.32,0,Not_Churned,,None,28.8,Monthly,96,10000,0.16,65480.74,2108479.26
CUST1244,SME,Port Harcourt,Standard,Wallet,7/19/2021,20000,73,40528.31,731,9,3.7,2958566.63,0,Not_Churned,,None,51.1,Weekly,57,20000,0.23,57897.59,3598677.63
CUST1245,Corporate,Enugu,Standard,Transfer,5/1/2020,5000,61,39041.53,805,7,2.4,2381533.33,1,Is_Churned,12/6/2020,Poor Service,65.9,Monthly,96,50000,-0.04,36138.59,2779185.79
CUST1246,Retail,Kano,Basic,Cash,7/5/2020,10000,21,68041.57,415,5,4.1,1428872.97,0,Not_Churned,,None,63.8,Daily,63,20000,0.39,22396.13,1603278.83
CUST1247,Retail,Abuja,Premium,Wallet,6/20/2022,30000,75,86633.6,411,6,4.2,6497520,1,Is_Churned,10/1/2023,Switched to Competitor,39.9,Weekly,72,50000,0.31,162845.11,7350396.56
CUST1248,Retail,Ibadan,Standard,Cash,6/12/2024,5000,51,64827.59,474,7,2.1,3306207.09,1,Is_Churned,2/11/2023,Poor Service,15.8,Weekly,98,0,0.25,209253.61,5049207.22
CUST1249,SME,Abuja,Standard,Wallet,7/1/2023,5000,83,86785.57,611,5,4,7203202.31,0,Not_Churned,,None,27.4,Daily,94,0,-0.18,262890.6,9311840.93
CUST1250,Corporate,Lagos,Standard,Wallet,3/30/2020,10000,114,33813.74,578,5,,3854766.36,1,Is_Churned,7/30/2024,Inactive,67,Monthly,84,50000,0.15,57533.83,4142816.34
CUST1251,Retail,Enugu,Standard,Transfer,9/25/2024,5000,17,56755.17,528,5,2.4,964837.89,0,Not_Churned,,None,12.3,Monthly,65,10000,0.22,78442.1,1625961.31
CUST1252,Enterprise,Kano,Standard,Wallet,8/21/2024,5000,143,50548.29,682,4,3.3,7228405.47,0,Not_Churned,,None,13.5,Monthly,58,10000,0.31,535437.44,12676827.84
CUST1253,Retail,Abuja,Premium,Card,1/16/2023,30000,128,11048.04,594,7,2.6,1414149.12,0,Not_Churned,,None,32.9,Monthly,87,10000,0.37,42983.26,1854940.94
CUST1254,Retail,Enugu,Premium,Card,7/15/2024,30000,113,60113.09,,1,3.2,6792779.17,0,Not_Churned,,None,14.7,Monthly,81,5000,0.35,462093.82,8427334.57
CUST1255,SME,Lagos,Premium,Transfer,9/29/2021,30000,94,69537.19,429,6,3.2,6536495.86,0,Not_Churned,,None,48.7,Weekly,52,10000,0.04,134219.63,7177323.55
CUST1256,SME,Port Harcourt,Premium,Cash,11/21/2020,20000,90,63272.3,408,3,4.2,5694507,0,Not_Churned,,None,59.1,Weekly,49,0,0.34,96353.76,6563041
CUST1257,Corporate,Ibadan,Basic,Cash,5/5/2021,10000,96,76265.19,708,0,4.3,7321458.24,0,Not_Churned,,None,53.6,Daily,53,5000,-0.2,136594.37,8788275.17
CUST1258,Enterprise,Enugu,Premium,Cash,1/31/2022,30000,28,61420.56,844,4,3.8,1719775.68,1,Is_Churned,6/2/2022,None,44.6,Monthly,48,10000,0.01,38559.99,2016338.65
CUST1259,SME,Enugu,Standard,Card,5/9/2020,20000,77,16007.52,709,2,2.1,1232579.04,0,Not_Churned,,None,65.7,Monthly,92,0,-0.13,18760.72,1408324.68
CUST1260,Retail,Port Harcourt,Premium,Cash,9/16/2021,20000,8,20480.1,564,3,4.8,163840.8,0,Not_Churned,,None,49.2,Monthly,50,5000,0.33,3330.1,174462.77
CUST1261,Corporate,Enugu,Basic,Cash,1/14/2022,10000,117,63682.71,592,6,4.1,7450877.07,1,Is_Churned,1/8/2025,High Fees,45.2,Daily,42,0,0.36,164842.41,8848046.14
CUST1262,Retail,Lagos,Standard,Transfer,1/13/2024,10000,50,34748.13,825,4,2.1,1737406.5,0,Not_Churned,,None,20.9,Monthly,79,50000,-0.05,83129.5,2706462.29
CUST1263,Retail,Lagos,Premium,Cash,6/13/2022,5000,22,17168.06,704,3,4.5,377697.32,0,Not_Churned,,None,40.2,Weekly,51,0,0.02,9395.46,461778.7
CUST1264,SME,Port Harcourt,Premium,Card,6/9/2021,20000,47,48664.25,659,0,2.6,2287219.75,1,Is_Churned,3/24/2023,None,52.5,Monthly,74,5000,0.39,43566.09,2779537.52
CUST1265,Corporate,Ibadan,Premium,Card,8/26/2021,30000,165,59889.03,591,5,3.7,9881689.95,0,Not_Churned,,None,49.9,Daily,78,10000,0.14,198029.86,11484560.56
CUST1266,Enterprise,Kano,Standard,Card,3/7/2020,10000,97,39587.14,478,9,3.4,3839952.58,0,Not_Churned,,None,67.8,Weekly,85,5000,0.1,56636.47,4439756.03
CUST1267,Enterprise,Abuja,Standard,Transfer,8/10/2022,20000,107,74839.03,578,5,3.3,8007776.21,0,Not_Churned,,None,38.2,Weekly,78,10000,0.1,209627.65,8870910.04
CUST1268,SME,Kano,Basic,Transfer,7/7/2024,30000,128,67939.35,490,6,4.7,8696236.8,1,Is_Churned,1/26/2024,Poor Service,15,Weekly,71,,0.22,579749.12,11079944.51
CUST1269,SME,Enugu,Standard,Wallet,2/17/2022,20000,14,39953.65,843,0,3.3,559351.1,0,Not_Churned,,None,44,Monthly,78,20000,0.37,12712.52,611238.48
CUST1270,Corporate,Abuja,Standard,Cash,6/3/2020,10000,77,77938.53,614,3,2.2,6001266.81,0,Not_Churned,,None,64.8,Daily,53,50000,0.02,92612.14,6686563.72
CUST1271,Enterprise,Port Harcourt,Premium,Transfer,2/17/2020,5000,191,68382.55,478,8,4.8,13061067.05,1,Is_Churned,11/26/2022,Inactive,68.4,Daily,83,20000,-0.1,190951.27,14201498.9
CUST1272,Enterprise,Port Harcourt,Standard,Card,5/16/2021,20000,35,67370.08,814,9,,2357952.8,0,Not_Churned,,None,53.3,Monthly,40,5000,-0.09,44239.26,2777016.59
CUST1273,Enterprise,Ibadan,Premium,Card,7/3/2022,30000,160,59808.49,502,5,4.1,9569358.4,1,Is_Churned,2/12/2020,High Fees,39.5,Daily,66,20000,-0.19,242262.24,12264186.06
CUST1274,Retail,Abuja,Premium,Transfer,4/13/2020,10000,64,11025.07,510,1,3.4,705604.48,1,Is_Churned,8/17/2020,Inactive,66.5,Weekly,76,10000,0.13,10610.59,796583.4
CUST1275,Enterprise,Lagos,Standard,Transfer,1/19/2023,5000,135,72685.65,713,3,2.3,9812562.75,1,Is_Churned,10/29/2022,High Fees,32.8,Weekly,99,5000,0.36,299163.5,11284116.65
CUST1276,Retail,Abuja,Basic,Transfer,3/7/2024,30000,122,43843.76,,5,4.4,5348938.72,1,Is_Churned,4/9/2021,High Fees,19.1,Daily,82,20000,0.23,280049.15,8535307.69
CUST1277,Corporate,Enugu,Basic,Wallet,11/12/2022,30000,187,94834.87,633,3,2.2,17734120.69,0,Not_Churned,,None,35.1,Daily,40,0,0.4,505245.6,21650135.74
CUST1278,Retail,Lagos,Standard,Card,4/25/2021,30000,18,83618.63,481,9,2.2,1505135.34,1,Is_Churned,9/9/2022,High Fees,54,Monthly,94,50000,0.35,27872.88,1769356.76
CUST1279,Corporate,Port Harcourt,Basic,Wallet,3/25/2020,20000,190,62892.5,531,6,3.6,11949575,0,Not_Churned,,None,67.2,Monthly,84,0,0.1,177821.06,13908194.66
CUST1280,Enterprise,Abuja,Premium,Wallet,10/12/2022,10000,147,32696.38,634,2,2.5,4806367.86,0,Not_Churned,,None,36.1,Monthly,68,5000,0.09,133140.38,6391868.25
CUST1281,Enterprise,Kano,Premium,Cash,9/19/2020,30000,6,28334.57,677,5,2,170007.42,0,Not_Churned,,None,61.2,Monthly,63,20000,0.18,2777.9,190993.34
CUST1282,Corporate,Ibadan,Standard,Card,7/16/2023,20000,28,40634.64,786,3,3.3,1137769.92,1,Is_Churned,5/27/2023,Poor Service,26.9,Monthly,94,10000,-0.13,42296.28,1572261.2
CUST1283,SME,Kano,Basic,Card,4/19/2022,10000,68,52891.11,734,2,2.4,3596595.48,0,Not_Churned,,None,42,Monthly,56,20000,0.16,85633.23,4290379.27
CUST1284,Corporate,Ibadan,Basic,Transfer,2/25/2020,10000,104,36645.9,498,2,2.5,3811173.6,1,Is_Churned,12/3/2023,Inactive,68.1,Weekly,74,5000,0.08,55964.37,4224083.5
CUST1285,SME,Enugu,Premium,Transfer,4/23/2024,20000,118,56343.65,830,1,2.2,6648550.7,0,Not_Churned,,None,17.5,Daily,70,5000,0.19,379917.18,9626878.21
CUST1286,Retail,Kano,Standard,Cash,5/31/2023,20000,28,24883.34,,2,2.6,696733.52,1,Is_Churned,5/22/2021,Switched to Competitor,28.4,Monthly,81,,0.14,24532.87,877258.07
CUST1287,Retail,Abuja,Basic,Wallet,10/30/2023,30000,159,97994.15,560,9,4.1,15581069.85,1,Is_Churned,7/11/2022,Switched to Competitor,23.4,Weekly,71,,-0.01,665857.69,20101746.31
CUST1288,Retail,Abuja,Standard,Transfer,6/7/2021,10000,169,19713.21,831,0,4.4,3331532.49,0,Not_Churned,,None,52.5,Daily,58,20000,0.16,63457.76,3935236.92
CUST1289,Enterprise,Kano,Basic,Transfer,2/13/2024,5000,95,93874.97,848,2,3.4,8918122.15,0,Not_Churned,,None,19.8,Daily,70,0,0.02,450410.21,11281461.62
CUST1290,Retail,Abuja,Premium,Card,8/22/2020,20000,171,92222.02,516,8,3.5,15769965.42,0,Not_Churned,,None,62.2,Daily,78,10000,-0.08,253536.42,17937050.94
CUST1291,SME,Enugu,Premium,Card,9/2/2021,10000,195,57282.44,640,3,2.1,11170075.8,0,Not_Churned,,None,49.6,Monthly,59,10000,0.21,225203.14,13290733
CUST1292,Retail,Lagos,Standard,Transfer,4/6/2022,10000,30,75241.92,425,2,2.2,2257257.6,0,Not_Churned,,None,42.4,Monthly,67,50000,-0.02,53237.21,2844401.18
CUST1293,Corporate,Enugu,Premium,Card,3/22/2022,30000,69,49244.35,535,7,2.8,3397860.15,0,Not_Churned,,None,42.9,Monthly,42,5000,0.33,79204.2,3872047.36
CUST1294,Corporate,Ibadan,Basic,Cash,2/25/2022,5000,124,66703.11,449,0,3.6,8271185.64,0,Not_Churned,,None,43.8,Daily,71,5000,-0.08,188839.85,10300343.63
CUST1295,Enterprise,Enugu,Premium,Transfer,6/14/2022,30000,8,40651.83,693,4,4.2,325214.64,0,Not_Churned,,None,40.1,Daily,61,5000,0.16,8110.09,418542.45
CUST1296,Corporate,Ibadan,Standard,Card,1/14/2024,5000,161,37104.31,793,0,3.8,5973793.91,0,Not_Churned,,None,20.8,Weekly,83,0,0.14,287201.63,8512114.78
CUST1297,SME,Abuja,Standard,Cash,7/13/2024,5000,5,62040.68,697,6,3.2,310203.4,0,Not_Churned,,None,14.8,Weekly,97,5000,-0.08,20959.69,518603.45
CUST1298,Retail,Lagos,Standard,Card,1/15/2020,20000,54,54831.67,692,4,2.4,2960910.18,1,Is_Churned,8/13/2023,Switched to Competitor,69.5,Weekly,93,,0.06,42603.02,3244278.03
CUST1299,Enterprise,Abuja,Basic,Card,12/11/2023,10000,114,62158.27,553,1,4.3,7086042.78,0,Not_Churned,,None,22,Weekly,81,50000,0.21,322092.85,10812405.35
CUST1300,Retail,Port Harcourt,Basic,Card,12/30/2023,10000,143,35799.45,619,0,3.1,5119321.35,0,Not_Churned,,None,21.3,Daily,92,0,-0.01,240343.73,7291488.74
CUST1301,Retail,Abuja,Basic,Transfer,6/19/2021,10000,78,43026.2,539,6,4.2,3356043.6,0,Not_Churned,,None,52.1,Monthly,83,5000,-0.13,64415.42,3729099.57
CUST1302,SME,Ibadan,Basic,Wallet,7/24/2024,5000,191,17550.82,448,0,3.5,3352206.62,0,Not_Churned,,None,14.4,Monthly,54,20000,0.17,232792.13,4897562.8
CUST1303,Corporate,Abuja,Basic,Card,7/2/2021,10000,66,14704.87,541,2,4.2,970521.42,1,Is_Churned,9/3/2022,Inactive,51.7,Monthly,77,20000,-0.07,18772.17,1131207.2
CUST1304,Corporate,Abuja,Premium,Cash,3/16/2021,20000,85,32811.14,445,5,4.7,2788946.9,0,Not_Churned,,None,55.3,Monthly,58,10000,0.21,50433.04,3046519.57
CUST1305,Retail,Lagos,Basic,Transfer,1/5/2020,5000,168,16682.22,562,5,4.8,2802612.96,0,Not_Churned,,None,69.8,Weekly,70,0,0.3,40152.05,3195510.12
CUST1306,Enterprise,Abuja,Basic,Transfer,8/26/2020,5000,60,19339.72,684,6,3.6,1160383.2,1,Is_Churned,5/19/2023,None,62,Daily,65,20000,-0.13,18715.86,1254378.55
CUST1307,Corporate,Lagos,Premium,Cash,8/9/2024,5000,115,83163.56,667,0,3.5,9563809.4,0,Not_Churned,,None,13.9,Monthly,44,10000,0.06,688043.84,15292533.09
CUST1308,Enterprise,Kano,Basic,Card,8/12/2022,5000,25,13498.63,515,6,2.8,337465.75,0,Not_Churned,,None,38.2,Daily,96,50000,0.07,8834.18,419385.54
CUST1309,Corporate,Port Harcourt,Standard,Wallet,11/24/2022,20000,145,69304.85,481,1,4.8,10049203.25,0,Not_Churned,,None,34.7,Weekly,59,10000,0.18,289602.4,13158875.97
CUST1310,Enterprise,Lagos,Basic,Card,6/27/2020,10000,13,34530.2,443,5,3.4,448892.6,0,Not_Churned,,None,64,Weekly,98,5000,0,7013.95,516262.52
CUST1311,SME,Ibadan,Basic,Cash,11/12/2023,20000,143,88439.11,593,7,2.4,12646792.73,1,Is_Churned,1/6/2020,Inactive,22.9,Monthly,41,5000,0.05,552261.69,18274022.23
CUST1312,Enterprise,Kano,Standard,Transfer,2/11/2021,10000,74,53649.31,657,4,3.3,3970048.94,0,Not_Churned,,None,56.4,Monthly,60,50000,-0.19,70390.94,4759580.98
CUST1313,SME,Lagos,Standard,Wallet,12/6/2022,20000,133,37501.88,842,9,2.4,4987750.04,1,Is_Churned,9/24/2022,High Fees,34.3,Weekly,90,0,-0.13,145415.45,6206323.27
CUST1314,SME,Lagos,Standard,Transfer,11/22/2020,30000,122,56587.5,672,2,3.5,6903675,1,Is_Churned,10/25/2023,None,59.1,Weekly,99,5000,0.14,116813.45,8143827.23
CUST1315,Enterprise,Port Harcourt,Standard,Cash,7/18/2023,30000,60,44376.22,793,7,3.7,2662573.2,0,Not_Churned,,None,26.8,Daily,90,5000,-0.07,99349.75,3167950.58
CUST1316,SME,Ibadan,Basic,Card,6/27/2024,30000,35,60787.1,,7,3,2127548.5,0,Not_Churned,,None,15.3,Weekly,75,10000,-0.11,139055.46,3564352.78
CUST1317,Retail,Enugu,Standard,Wallet,3/4/2024,30000,41,20307.96,677,3,2.2,832626.36,0,Not_Churned,,None,19.2,Daily,67,10000,-0.01,43365.96,1049247.24
CUST1318,SME,Enugu,Standard,Transfer,5/9/2023,5000,179,99729.15,482,7,4.8,17851517.85,0,Not_Churned,,None,29.2,Weekly,59,10000,-0.1,611353.35,24828076.2
CUST1319,Corporate,Lagos,Premium,Transfer,4/24/2024,5000,95,48300.03,457,4,4.3,4588502.85,0,Not_Churned,,None,17.5,Daily,76,20000,-0.16,262200.16,6153774.84
CUST1320,Enterprise,Abuja,Standard,Transfer,1/31/2023,20000,118,41340.76,452,4,4.5,4878209.68,0,Not_Churned,,None,32.4,Weekly,78,50000,-0.03,150562.03,5562746.36
CUST1321,Retail,Ibadan,Standard,Card,2/9/2023,20000,132,73918.89,400,2,3.1,9757293.48,0,Not_Churned,,None,32.1,Weekly,75,0,-0.1,303965.53,11074533.86
CUST1322,Enterprise,Kano,Premium,Wallet,7/4/2022,30000,179,42750.95,615,6,4.3,7652420.05,1,Is_Churned,4/26/2023,High Fees,39.5,Daily,50,10000,0.28,193732.15,8560142.22
CUST1323,Corporate,Abuja,Premium,Card,10/14/2023,10000,126,84994.69,716,8,3.5,10709330.94,0,Not_Churned,,None,23.9,Daily,94,0,-0.16,448089.16,13858440.05
CUST1324,Corporate,Abuja,Basic,Card,11/21/2021,30000,73,50884.37,627,8,2.6,3714559.01,0,Not_Churned,,None,47,Monthly,96,10000,0.25,79033.17,4323062.59
CUST1325,Corporate,Ibadan,Premium,Card,4/17/2020,20000,190,74760.26,653,0,2.4,14204449.4,1,Is_Churned,6/4/2024,High Fees,66.4,Monthly,42,5000,0.03,213922.43,16605530.21
CUST1326,SME,Lagos,Basic,Cash,1/28/2023,30000,40,19670.79,558,0,3,786831.6,0,Not_Churned,,None,32.5,Weekly,76,0,0.21,24210.2,942482.1
CUST1327,SME,Lagos,Premium,Cash,5/27/2023,20000,36,86150.73,686,9,2.4,3101426.28,0,Not_Churned,,None,28.6,Weekly,59,,-0.17,108441.48,3639007.7
CUST1328,Enterprise,Lagos,Premium,Cash,1/8/2020,30000,68,76214.62,465,4,5,5182594.16,0,Not_Churned,,None,69.7,Daily,71,10000,0.35,74355.73,5903427.83
CUST1329,Enterprise,Lagos,Basic,Wallet,6/26/2020,10000,174,29054.51,802,0,2.1,5055484.74,0,Not_Churned,,None,64.1,Weekly,86,50000,0.26,78868.72,5387671.3
CUST1330,Retail,Enugu,Premium,Card,3/18/2021,30000,52,23075.74,708,3,3.3,1199938.48,0,Not_Churned,,None,55.2,Monthly,64,5000,-0.12,21738.02,1439721.03
CUST1331,Retail,Lagos,Basic,Card,5/28/2020,10000,85,38466.31,494,0,3.4,3269636.35,0,Not_Churned,,None,65,Daily,60,10000,-0.07,50302.1,3605885.75
CUST1332,Enterprise,Enugu,Premium,Cash,2/15/2023,10000,162,97846.35,652,1,2.9,15851108.7,0,Not_Churned,,None,31.9,Weekly,97,0,0.19,496899.96,20086968.88
CUST1333,SME,Enugu,Standard,Card,9/11/2020,20000,153,33114.84,549,1,3.7,5066570.52,1,Is_Churned,3/3/2020,Inactive,61.5,Daily,89,,0.35,82383.26,5451766.53
CUST1334,Corporate,Lagos,Premium,Card,2/9/2021,10000,64,51051.45,422,3,,3267292.8,0,Not_Churned,,None,56.5,Monthly,55,5000,0.07,57828.19,3516518.49
CUST1335,Enterprise,Port Harcourt,Basic,Transfer,6/3/2022,5000,145,12701.82,643,7,,1841763.9,0,Not_Churned,,None,40.5,Monthly,87,50000,0.09,45475.65,2305140.43
CUST1336,Retail,Kano,Premium,Card,5/28/2024,5000,5,45750.48,614,1,3,228752.4,0,Not_Churned,,None,16.3,Monthly,81,50000,-0.06,14033.89,325127.63
CUST1337,SME,Abuja,Basic,Transfer,2/12/2024,5000,69,61418.8,798,8,3.8,4237897.2,0,Not_Churned,,None,19.9,Weekly,40,50000,0.03,212959.66,6768003.94
CUST1338,Enterprise,Enugu,Basic,Card,8/13/2022,20000,37,95781.22,809,8,4.1,3543905.14,0,Not_Churned,,None,38.1,Weekly,62,5000,-0.03,93015.88,4261864.98
CUST1339,Enterprise,Ibadan,Standard,Wallet,2/5/2023,5000,42,56506.24,530,1,4.7,2373262.08,1,Is_Churned,12/9/2021,Switched to Competitor,32.3,Weekly,82,10000,0.01,73475.61,3152902.8
CUST1340,SME,Ibadan,Standard,Cash,4/14/2023,20000,29,83719.66,742,0,4.5,2427870.14,0,Not_Churned,,None,30,Weekly,88,5000,-0.19,80929,3384424.32
CUST1341,Enterprise,Kano,Basic,Transfer,10/17/2023,20000,158,59241.49,,9,3.8,9360155.42,0,Not_Churned,,None,23.8,Weekly,63,5000,-0.18,393283.84,11535153.25
CUST1342,SME,Ibadan,Premium,Cash,3/9/2024,5000,63,13670.65,780,9,3.2,861250.95,0,Not_Churned,,None,19,Weekly,86,10000,0.21,45329,1323966.5
CUST1343,Corporate,Port Harcourt,Basic,Transfer,3/10/2022,10000,165,38350.74,508,8,3.5,6327872.1,0,Not_Churned,,None,43.3,Monthly,64,20000,0.21,146140.23,6795236.52
CUST1344,SME,Ibadan,Basic,Transfer,9/3/2020,30000,105,61799.46,439,1,4.3,6488943.3,0,Not_Churned,,None,61.8,Monthly,46,50000,0,104999.08,7446302.4
CUST1345,SME,Abuja,Premium,Transfer,1/23/2024,20000,131,95553.46,520,7,4.6,12517503.26,0,Not_Churned,,None,20.5,Weekly,96,0,0.33,610609.92,18444577.73
CUST1346,SME,Abuja,Premium,Wallet,4/15/2023,5000,45,87321.73,694,2,2.3,3929477.85,0,Not_Churned,,None,30,Monthly,97,0,-0.04,130982.6,4885162.86
CUST1347,Enterprise,Enugu,Premium,Card,1/18/2024,20000,162,30552.01,519,0,3.2,4949425.62,0,Not_Churned,,None,20.7,Daily,77,10000,0.04,239102.69,6015571.88
CUST1348,Enterprise,Lagos,Premium,Transfer,1/24/2021,10000,61,29809.88,417,0,4.3,1818402.68,0,Not_Churned,,None,57,Weekly,86,0,0.24,31901.8,2091178.46
CUST1349,SME,Port Harcourt,Basic,Wallet,6/10/2022,10000,181,28105.57,568,9,3.3,5087108.17,0,Not_Churned,,None,40.3,Daily,86,20000,0.25,126230.97,6485464.22
CUST1350,Enterprise,Enugu,Basic,Transfer,10/1/2022,5000,52,93024.9,597,1,3,4837294.8,0,Not_Churned,,None,36.5,Weekly,78,5000,0.32,132528.62,6345718.52
CUST1351,Retail,Port Harcourt,Standard,Card,7/13/2020,20000,76,86739.95,810,6,3.2,6592236.2,1,Is_Churned,12/24/2024,None,63.5,Weekly,74,50000,-0.18,103814.74,7600788.04
CUST1352,Retail,Lagos,Basic,Transfer,2/10/2023,30000,181,79739.51,542,5,3.8,14432851.31,0,Not_Churned,,None,32.1,Monthly,53,0,-0.09,449621.54,16848856.51
CUST1353,Enterprise,Ibadan,Premium,Wallet,11/19/2020,30000,179,45346.16,436,1,5,8116962.64,1,Is_Churned,9/16/2023,Poor Service,59.2,Daily,48,0,0.18,137110.86,9602276.95
CUST1354,Enterprise,Ibadan,Standard,Card,1/12/2023,20000,60,55394.26,585,3,3.5,3323655.6,0,Not_Churned,,None,33.1,Monthly,42,10000,0,100412.56,4428134.41
CUST1355,SME,Lagos,Premium,Wallet,8/15/2020,20000,69,51789.86,660,1,2.6,3573500.34,0,Not_Churned,,None,62.4,Weekly,77,10000,-0.17,57267.63,3934582.82
CUST1356,Corporate,Enugu,Basic,Card,10/3/2020,20000,16,32805.83,630,0,2.5,524893.28,0,Not_Churned,,None,60.8,Daily,59,5000,0.15,8633.11,565009.73
CUST1357,Enterprise,Lagos,Standard,Card,10/18/2023,5000,73,55452.52,653,2,2.1,4048033.96,0,Not_Churned,,None,23.8,Weekly,80,50000,0.04,170085.46,5897192
CUST1358,Retail,Kano,Premium,Cash,1/1/2024,10000,138,12744.69,728,3,3.7,1758767.22,0,Not_Churned,,None,21.3,Monthly,72,0,0.02,82571.23,2664233.05
CUST1359,SME,Abuja,Standard,Cash,5/31/2023,30000,93,21862.93,790,9,3.6,2033252.49,0,Not_Churned,,None,28.4,Weekly,80,5000,-0.04,71593.4,2313050.65
CUST1360,Enterprise,Enugu,Standard,Cash,1/14/2020,5000,197,89793.06,696,4,2.6,17689232.82,1,Is_Churned,2/28/2021,Switched to Competitor,69.5,Weekly,83,50000,-0.2,254521.34,20667860.39
CUST1361,Retail,Port Harcourt,Basic,Card,2/5/2022,20000,29,77651.18,409,4,4.1,2251884.22,0,Not_Churned,,None,44.4,Monthly,71,5000,-0.09,50718.11,2647369.96
CUST1362,Retail,Kano,Premium,Transfer,6/11/2021,20000,5,48058.16,845,6,4.2,240290.8,0,Not_Churned,,None,52.4,Weekly,75,0,0.08,4585.7,295060.32
CUST1363,Corporate,Enugu,Standard,Wallet,9/10/2022,10000,164,56543.53,809,9,2.8,9273138.92,0,Not_Churned,,None,37.2,Daily,65,10000,-0.03,249277.93,11019349.41
CUST1364,SME,Lagos,Standard,Wallet,7/25/2022,20000,135,43299.9,723,7,3,5845486.5,1,Is_Churned,4/5/2020,Poor Service,38.8,Monthly,87,10000,0.32,150656.87,7020542.35
CUST1365,SME,Lagos,Premium,Wallet,11/9/2022,5000,53,76670.19,629,8,5,4063520.07,0,Not_Churned,,None,35.2,Weekly,44,10000,-0.11,115440.91,4686294.36
CUST1366,Corporate,Lagos,Standard,Cash,6/28/2020,5000,151,80576.85,423,6,3.1,12167104.35,0,Not_Churned,,None,64,Monthly,98,20000,0.33,190111.01,14275535.93
CUST1367,Corporate,Lagos,Standard,Card,9/21/2021,10000,64,78695.67,477,4,4.3,5036522.88,1,Is_Churned,4/17/2024,Inactive,49,Weekly,88,5000,0.04,102786.18,5755348.62
CUST1368,SME,Port Harcourt,Standard,Cash,2/23/2022,5000,161,75035.06,824,8,3.4,12080644.66,0,Not_Churned,,None,43.8,Monthly,69,0,-0.03,275813.81,14930222.56
CUST1369,SME,Kano,Premium,Transfer,12/7/2021,30000,182,28405.39,592,7,4.4,5169780.98,0,Not_Churned,,None,46.4,Monthly,56,5000,-0.02,111417.69,5583988.16
CUST1370,Enterprise,Ibadan,Premium,Card,4/8/2023,5000,6,40417.3,800,9,4.3,242503.8,0,Not_Churned,,None,30.2,Daily,45,10000,0,8029.93,323559.76
CUST1371,Enterprise,Abuja,Premium,Wallet,2/17/2023,5000,77,52286.09,508,8,4,4026028.93,1,Is_Churned,12/10/2024,None,31.9,Monthly,97,5000,0.1,126207.8,4961504.8
CUST1372,Corporate,Port Harcourt,Premium,Cash,7/20/2022,5000,188,39771.37,679,9,4.6,7477017.56,1,Is_Churned,2/3/2023,Inactive,38.9,Daily,54,50000,0.01,192211.25,8063006.47
CUST1373,Enterprise,Port Harcourt,Basic,Cash,9/19/2022,30000,149,77944.62,810,7,4.8,11613748.38,1,Is_Churned,9/8/2020,Poor Service,36.9,Monthly,40,5000,0.19,314735.73,13198872.91
CUST1374,Retail,Ibadan,Standard,Transfer,2/2/2021,20000,192,39641.82,662,5,3.7,7611229.44,0,Not_Churned,,None,56.7,Monthly,52,20000,0.06,134236.85,8247991.55
CUST1375,Enterprise,Ibadan,Premium,Transfer,8/17/2022,5000,114,22440.89,728,3,2.7,2558261.46,1,Is_Churned,3/19/2023,High Fees,38,Weekly,87,20000,0.2,67322.67,3215726.66
CUST1376,Enterprise,Abuja,Standard,Cash,1/27/2021,10000,168,45913.64,762,8,3.2,7713491.52,0,Not_Churned,,None,56.9,Weekly,73,10000,0.16,135562.24,8702393.56
CUST1377,Retail,Abuja,Standard,Transfer,7/31/2024,30000,65,98192.3,754,8,4.3,6382499.5,0,Not_Churned,,None,14.2,Weekly,69,0,-0.05,449471.8,8377015.2
CUST1378,Corporate,Ibadan,Basic,Wallet,6/25/2023,10000,21,30329.33,777,9,4,636915.93,0,Not_Churned,,None,27.6,Monthly,58,50000,0.29,23076.66,759481.19
CUST1379,Retail,Lagos,Premium,Transfer,8/10/2023,5000,53,65094.28,667,9,2.5,3449996.84,0,Not_Churned,,None,26.1,Monthly,94,0,0.28,132183.79,4446225.33
CUST1380,Enterprise,Port Harcourt,Premium,Transfer,11/17/2021,10000,80,48967.57,740,8,2.2,3917405.6,0,Not_Churned,,None,47.1,Daily,41,0,0.39,83172.09,4181621.86
CUST1381,Corporate,Enugu,Standard,Cash,9/22/2023,5000,192,16392.21,658,9,4,3147304.32,0,Not_Churned,,None,24.6,Daily,92,50000,-0.09,127939.2,4019482.52
CUST1382,Enterprise,Abuja,Premium,Cash,1/14/2022,30000,152,53908.89,734,2,2.8,8194151.28,1,Is_Churned,3/15/2023,Inactive,45.2,Daily,96,20000,0.31,181286.53,9844321.34
CUST1383,Retail,Abuja,Standard,Card,1/31/2023,10000,182,73194.79,484,2,3.5,13321451.78,0,Not_Churned,,None,32.4,Weekly,83,10000,0.32,411155.92,16470820.33
CUST1384,Retail,Ibadan,Standard,Card,4/7/2024,10000,135,56189.8,409,5,4.2,7585623,0,Not_Churned,,None,18,Weekly,51,5000,0.19,421423.5,11118372.32
CUST1385,Enterprise,Kano,Basic,Cash,2/23/2020,5000,47,88489.55,688,5,3.7,4159008.85,1,Is_Churned,12/1/2024,None,68.2,Daily,97,20000,0.1,60982.53,4521218.13
CUST1386,SME,Enugu,Basic,Transfer,9/1/2023,5000,61,36004.33,701,5,2.2,2196264.13,0,Not_Churned,,None,25.3,Monthly,79,10000,0.37,86808.86,2599724.09
CUST1387,SME,Enugu,Basic,Transfer,5/9/2023,20000,54,17762.43,458,4,2.6,959171.22,0,Not_Churned,,None,29.2,Weekly,83,20000,0.38,32848.33,1297104.07
CUST1388,Retail,Abuja,Standard,Card,8/22/2024,5000,182,94290.91,707,4,2.7,17160945.62,0,Not_Churned,,None,13.5,Weekly,63,50000,0.19,1271181.16,31335523.02
CUST1389,Retail,Lagos,Premium,Card,12/31/2021,5000,41,44037.67,661,1,2.8,1805544.47,0,Not_Churned,,None,45.6,Daily,50,0,0.02,39595.27,2106336.32
CUST1390,SME,Kano,Basic,Card,5/31/2024,20000,50,61876.5,,6,3.7,3093825,0,Not_Churned,,None,16.2,Weekly,41,50000,0.29,190976.85,4191057.81
CUST1391,SME,Enugu,Premium,Wallet,8/1/2023,5000,174,81280.28,684,3,3.5,14142768.72,0,Not_Churned,,None,26.4,Daily,40,5000,-0.15,535710.94,18214623.81
CUST1392,Enterprise,Abuja,Basic,Wallet,7/30/2022,5000,19,39188.23,518,2,2.6,744576.37,1,Is_Churned,12/24/2024,Inactive,38.6,Weekly,96,50000,-0.03,19289.54,955041.9
CUST1393,Enterprise,Enugu,Basic,Card,3/8/2023,20000,165,74454.81,567,7,2.2,12285043.65,0,Not_Churned,,None,31.2,Monthly,97,0,0.39,393751.4,15916477.84
CUST1394,SME,Kano,Standard,Transfer,5/9/2020,30000,84,22187.7,752,3,2.5,1863766.8,0,Not_Churned,,None,65.7,Monthly,67,20000,0.29,28367.84,2168084.36
CUST1395,Enterprise,Kano,Basic,Card,2/14/2024,30000,143,36216.44,588,3,5,5178950.92,0,Not_Churned,,None,19.8,Weekly,43,,0.36,261563.18,6736668.2
CUST1396,Enterprise,Port Harcourt,Basic,Wallet,7/19/2022,5000,152,23023.96,650,7,3.4,3499641.92,0,Not_Churned,,None,39,Daily,80,5000,0.16,89734.41,4343846.46
CUST1397,Corporate,Ibadan,Standard,Transfer,6/17/2024,5000,28,83010.75,723,0,4.6,2324301,0,Not_Churned,,None,15.7,Weekly,98,20000,0.04,148044.65,3638558.61
CUST1398,Enterprise,Ibadan,Premium,Wallet,2/5/2021,20000,129,30038.43,812,8,4.5,3874957.47,1,Is_Churned,11/15/2021,Switched to Competitor,56.6,Daily,69,10000,0.39,68462.15,4432550.97
CUST1399,Retail,Abuja,Basic,Transfer,2/21/2022,20000,196,74566.32,628,6,,14614998.72,0,Not_Churned,,None,43.9,Weekly,99,0,-0.01,332915.69,17196434.97
CUST1400,Enterprise,Kano,Standard,Wallet,10/10/2022,30000,122,94896.86,589,1,4.1,11577416.92,0,Not_Churned,,None,36.2,Monthly,98,50000,0.25,319818.15,14122786.03
CUST1401,Enterprise,Port Harcourt,Basic,Transfer,9/12/2022,10000,84,57499.5,715,5,2.6,4829958,1,Is_Churned,10/13/2023,Inactive,37.1,Monthly,46,20000,0.13,130187.55,6216070.13
CUST1402,SME,Port Harcourt,Standard,Transfer,2/21/2021,5000,98,58602.63,523,7,4.1,5743057.74,0,Not_Churned,,None,56.1,Weekly,99,10000,-0.06,102371.8,6894121.43
CUST1403,Retail,Enugu,Premium,Transfer,8/4/2023,10000,69,51493.02,483,4,2.8,3553018.38,0,Not_Churned,,None,26.3,Weekly,61,10000,-0.19,135095.76,4095528.5
CUST1404,Enterprise,Enugu,Premium,Transfer,6/20/2020,10000,92,39330.11,696,5,4.5,3618370.12,0,Not_Churned,,None,64.3,Weekly,65,50000,0.03,56273.25,4075249.35
CUST1405,Enterprise,Port Harcourt,Standard,Cash,1/13/2022,20000,92,52808.95,614,9,2.3,4858423.4,0,Not_Churned,,None,45.2,Monthly,68,20000,0.13,107487.24,6069339.65
CUST1406,Corporate,Enugu,Standard,Wallet,1/29/2021,5000,149,64252.68,636,7,4.3,9573649.32,1,Is_Churned,1/18/2023,Poor Service,56.8,Monthly,64,20000,-0.09,168550.16,10283693.58
CUST1407,Enterprise,Kano,Standard,Wallet,3/5/2021,5000,130,98739.24,512,5,2.3,12836101.2,0,Not_Churned,,None,55.7,Daily,49,0,0.05,230450.65,14383746.55
CUST1408,Enterprise,Lagos,Premium,Cash,10/10/2022,20000,93,94398.81,616,8,4.6,8779089.33,0,Not_Churned,,None,36.2,Weekly,59,20000,0.17,242516.28,9701068.7
CUST1409,Corporate,Kano,Basic,Transfer,9/12/2021,10000,65,87593.77,720,8,2.9,5693595.05,0,Not_Churned,,None,49.3,Weekly,53,50000,0.23,115488.74,6158008.32
CUST1410,SME,Port Harcourt,Premium,Transfer,5/2/2023,20000,19,90021.75,645,8,4,1710413.25,1,Is_Churned,8/24/2023,Inactive,29.4,Monthly,72,20000,-0.17,58177.32,2358333.86
CUST1411,Enterprise,Port Harcourt,Standard,Wallet,1/12/2023,30000,98,52106.43,847,5,3.5,5106430.14,1,Is_Churned,4/28/2021,None,33.1,Weekly,44,0,0.2,154272.81,6188748.85
CUST1412,Corporate,Kano,Standard,Cash,6/25/2022,5000,55,69169.99,734,8,3.1,3804349.45,0,Not_Churned,,None,39.8,Daily,84,10000,-0.17,95586.67,4683618.45
CUST1413,Retail,Enugu,Premium,Transfer,8/28/2022,30000,31,90556.01,718,2,3.9,2807236.31,0,Not_Churned,,None,37.6,Weekly,45,20000,-0.18,74660.54,3124560.76
CUST1414,SME,Enugu,Standard,Transfer,5/17/2020,20000,78,45365.57,831,4,4.8,3538514.46,0,Not_Churned,,None,65.4,Monthly,61,50000,-0.11,54105.73,3711519.29
CUST1415,Retail,Ibadan,Premium,Transfer,4/10/2023,5000,65,96558.62,803,1,2.1,6276310.3,0,Not_Churned,,None,30.1,Weekly,99,20000,0.19,208515.29,8572971.78
CUST1416,Retail,Port Harcourt,Standard,Card,8/12/2021,30000,190,47420.75,773,7,4.8,9009942.5,1,Is_Churned,11/9/2022,Inactive,50.3,Monthly,56,5000,-0.17,179124.11,10473549.85
CUST1417,Corporate,Abuja,Basic,Cash,8/1/2020,30000,35,64097.44,436,3,3.8,2243410.4,1,Is_Churned,4/5/2021,Inactive,62.9,Daily,54,0,-0.19,35666.3,2356825.17
CUST1418,Enterprise,Ibadan,Basic,Transfer,1/17/2022,10000,16,73882.42,463,5,4.4,1182118.72,1,Is_Churned,8/18/2025,None,45.1,Daily,78,10000,-0.13,26211.06,1494844.41
CUST1419,Corporate,Enugu,Standard,Card,11/25/2021,5000,50,95553.28,618,5,3.2,4777664,0,Not_Churned,,None,46.8,Weekly,79,5000,0.37,102086.84,5536141.92
CUST1420,Corporate,Kano,Premium,Cash,5/4/2021,30000,163,32015.46,741,4,3.4,5218519.98,1,Is_Churned,7/4/2021,Inactive,53.7,Weekly,67,50000,0.34,97179.14,5926264.67
CUST1421,Corporate,Enugu,Basic,Transfer,8/17/2020,30000,36,77151.79,788,0,,2777464.44,1,Is_Churned,7/17/2023,None,62.3,Monthly,92,20000,-0.15,44582.09,3160345.35
CUST1422,Corporate,Kano,Premium,Wallet,3/11/2020,10000,164,56873.4,433,6,3.2,9327237.6,0,Not_Churned,,None,67.6,Daily,41,0,-0.02,137976.89,9750984.22
CUST1423,SME,Ibadan,Standard,Card,9/4/2024,30000,185,34170.14,438,9,3.6,6321475.9,0,Not_Churned,,None,13,Daily,57,20000,0.37,486267.38,10271058.91
CUST1424,Enterprise,Port Harcourt,Premium,Card,5/2/2022,30000,65,79894.62,466,7,2.1,5193150.3,1,Is_Churned,10/31/2024,Poor Service,41.6,Daily,66,20000,-0.14,124835.34,6274892.7
CUST1425,Retail,Enugu,Basic,Transfer,7/27/2021,30000,50,59700.01,608,0,2.5,2985000.5,0,Not_Churned,,None,50.9,Daily,60,20000,-0.14,58644.41,3317665.7
CUST1426,Retail,Kano,Premium,Transfer,7/4/2022,10000,89,69487.64,717,9,3.9,6184399.96,1,Is_Churned,6/5/2023,None,39.5,Weekly,62,20000,-0.15,156567.09,7678311.82
CUST1427,Enterprise,Port Harcourt,Premium,Card,2/25/2023,30000,84,39061.1,743,6,4.2,3281132.4,0,Not_Churned,,None,31.6,Weekly,46,0,0.39,103833.3,3945342.1
CUST1428,Retail,Abuja,Standard,Wallet,10/18/2021,30000,139,53314.66,551,3,3.7,7410737.74,0,Not_Churned,,None,48.1,Monthly,91,5000,0.25,154069.39,8868227.65
CUST1429,Enterprise,Kano,Standard,Wallet,6/17/2024,5000,8,65561.88,786,5,2.4,524495.04,1,Is_Churned,6/13/2021,Poor Service,15.7,Daily,98,50000,-0.07,33407.33,667960.41
CUST1430,Retail,Ibadan,Standard,Cash,3/14/2022,5000,56,46441.97,764,8,3.3,2600750.32,0,Not_Churned,,None,43.2,Weekly,87,5000,-0.17,60202.55,3276420.26
CUST1431,Corporate,Abuja,Basic,Transfer,7/20/2022,10000,163,27853.53,598,4,3.1,4540125.39,1,Is_Churned,4/11/2025,Poor Service,38.9,Weekly,58,0,0.38,116712.73,5814058.23
CUST1432,Retail,Abuja,Basic,Wallet,7/29/2024,20000,116,96547.64,488,7,3.5,11199526.24,0,Not_Churned,,None,14.3,Daily,48,50000,0.06,783183.65,14610790.88
CUST1433,Enterprise,Lagos,Standard,Cash,3/26/2020,5000,40,56032.08,647,4,4.6,2241283.2,0,Not_Churned,,None,67.1,Weekly,51,10000,0.16,33402.13,2623606.56
CUST1434,Enterprise,Enugu,Standard,Wallet,9/21/2020,10000,186,76052.83,722,1,4.3,14145826.38,0,Not_Churned,,None,61.2,Monthly,85,5000,-0.03,231140.95,15999581.75
CUST1435,Enterprise,Kano,Basic,Transfer,2/21/2024,30000,58,46994.25,478,3,2.3,2725666.5,0,Not_Churned,,None,19.6,Monthly,69,0,0.26,139064.62,4021032.23
CUST1436,Enterprise,Abuja,Basic,Cash,8/30/2022,30000,123,41961.86,833,1,4.7,5161308.78,0,Not_Churned,,None,37.6,Daily,46,0,-0.08,137268.85,6611230.77
CUST1437,Enterprise,Lagos,Basic,Cash,5/7/2023,10000,131,46644.79,684,6,3.4,6110467.49,1,Is_Churned,6/30/2025,None,29.2,Monthly,41,0,0.27,209262.59,6895647.97
CUST1438,SME,Ibadan,Basic,Cash,4/11/2022,30000,21,46827.7,729,6,4.2,983381.7,0,Not_Churned,,None,42.3,Weekly,56,50000,-0.06,23247.79,1088544.27
CUST1439,SME,Port Harcourt,Standard,Wallet,8/12/2024,30000,79,58976.21,,2,2.4,4659120.59,0,Not_Churned,,None,13.8,Monthly,50,20000,-0.14,337617.43,6554342.15
CUST1440,Retail,Kano,Basic,Transfer,4/29/2024,20000,162,58912.29,486,6,4,9543790.98,0,Not_Churned,,None,17.3,Weekly,89,,0.09,551664.22,13568093.41
CUST1441,Enterprise,Abuja,Standard,Cash,10/8/2023,30000,109,54743.84,438,0,2.7,5967078.56,0,Not_Churned,,None,24.1,Daily,51,50000,0.29,247596.62,7481005.74
CUST1442,Retail,Enugu,Premium,Card,10/27/2022,5000,154,22130.72,792,0,3.3,3408130.88,1,Is_Churned,7/6/2020,Inactive,35.6,Daily,42,50000,0.03,95734.01,4131173.1
CUST1443,Enterprise,Lagos,Premium,Transfer,1/31/2021,30000,121,54646.79,,8,2.1,6612261.59,0,Not_Churned,,None,56.8,Weekly,60,5000,-0.18,116413.06,7156289.52
CUST1444,Enterprise,Abuja,Basic,Card,4/8/2024,10000,47,25219.35,643,5,2.5,1185309.45,0,Not_Churned,,None,18,Weekly,53,10000,0.13,65850.52,1787142.76
CUST1445,SME,Enugu,Premium,Card,10/31/2023,20000,116,21352.22,,4,2.3,2476857.52,0,Not_Churned,,None,23.3,Monthly,54,0,0.21,106302.9,2849089.29
CUST1446,SME,Abuja,Premium,Cash,7/16/2022,30000,119,93938.11,797,5,2.7,11178635.09,0,Not_Churned,,None,39.1,Weekly,90,50000,0.24,285898.6,12966372.23
CUST1447,Corporate,Kano,Premium,Cash,12/15/2020,10000,31,64445.5,467,5,2.3,1997810.5,0,Not_Churned,,None,58.3,Daily,81,10000,0.04,34267.76,2155829.3
CUST1448,SME,Kano,Basic,Wallet,2/17/2023,5000,41,69354.11,591,0,4.1,2843518.51,0,Not_Churned,,None,31.9,Weekly,80,,-0.14,89138.51,3696520.48
CUST1449,Corporate,Kano,Basic,Wallet,6/13/2020,30000,50,46161.43,803,4,2.1,2308071.5,0,Not_Churned,,None,64.5,Monthly,49,20000,0.15,35784.05,2700009.63
CUST1450,Corporate,Ibadan,Premium,Wallet,3/11/2020,20000,117,91808.28,427,8,3.9,10741568.76,1,Is_Churned,7/23/2022,Switched to Competitor,67.6,Monthly,91,10000,0,158898.95,11330937.28
CUST1451,Corporate,Ibadan,Standard,Transfer,1/13/2024,30000,39,67413.74,669,3,2.4,2629135.86,1,Is_Churned,2/26/2022,None,20.9,Weekly,94,0,0.37,125795.97,3895315.07
CUST1452,Corporate,Lagos,Premium,Wallet,12/5/2022,10000,136,79225.29,827,2,4.8,10774639.44,1,Is_Churned,11/16/2022,Inactive,34.3,Monthly,75,50000,0.1,314129.43,14249382.34
CUST1453,Corporate,Kano,Basic,Card,9/22/2023,20000,84,43170.62,625,0,4.8,3626332.08,1,Is_Churned,6/4/2020,Poor Service,24.6,Monthly,90,20000,0.08,147411.87,5360740.55
CUST1454,Retail,Enugu,Basic,Wallet,12/17/2020,30000,84,96401.07,476,1,2.7,8097689.88,1,Is_Churned,11/2/2024,High Fees,58.3,Daily,49,5000,-0.01,138896.91,9238655.22
CUST1455,SME,Abuja,Basic,Cash,4/18/2020,5000,158,83841.52,622,2,3.8,13246960.16,0,Not_Churned,,None,66.4,Weekly,56,0,0,199502.41,14433306.49
CUST1456,Corporate,Port Harcourt,Premium,Wallet,2/26/2021,20000,125,86855.36,771,3,2.1,10856920,0,Not_Churned,,None,55.9,Daily,83,,0.11,194220.39,12002385.51
CUST1457,Enterprise,Enugu,Standard,Transfer,5/8/2024,5000,151,25497.48,566,6,4.8,3850119.48,0,Not_Churned,,None,17,Daily,64,5000,-0.02,226477.62,5302006.57
CUST1458,SME,Ibadan,Basic,Transfer,12/6/2022,10000,126,34386.69,683,5,3.6,4332722.94,1,Is_Churned,1/9/2025,Switched to Competitor,34.3,Monthly,66,0,0.34,126318.45,5408198.96
CUST1459,SME,Ibadan,Basic,Card,4/1/2021,30000,85,35706.39,591,7,2.1,3035043.15,0,Not_Churned,,None,54.8,Daily,72,50000,0.06,55384,3445553.29
CUST1460,Corporate,Enugu,Premium,Transfer,4/25/2022,5000,177,34381.83,488,8,3,6085583.91,0,Not_Churned,,None,41.8,Weekly,50,5000,-0.02,145588.13,7378801.73
CUST1461,Retail,Ibadan,Standard,Wallet,4/12/2022,10000,158,86986.73,431,5,2.2,13743903.34,0,Not_Churned,,None,42.2,Weekly,52,20000,-0.11,325684.91,14836193.35
CUST1462,Corporate,Kano,Premium,Cash,7/23/2020,30000,154,12869.63,536,6,,1981923.02,0,Not_Churned,,None,63.2,Weekly,40,0,0.2,31359.54,2105885.12
CUST1463,Retail,Lagos,Basic,Transfer,5/5/2024,10000,123,16849,555,3,4,2072427,0,Not_Churned,,None,17.1,Daily,70,10000,-0.18,121194.56,3501172.13
CUST1464,Enterprise,Abuja,Standard,Card,8/28/2023,5000,62,34652.34,649,1,3.4,2148445.08,0,Not_Churned,,None,25.5,Weekly,72,0,0.07,84252.75,3155979.07
CUST1465,SME,Lagos,Standard,Wallet,3/13/2023,10000,67,27988.57,494,8,3.2,1875234.19,0,Not_Churned,,None,31.1,Weekly,60,,0.13,60296.92,2461316.01
CUST1466,Enterprise,Abuja,Basic,Card,8/10/2020,20000,160,30867.37,416,8,2.4,4938779.2,0,Not_Churned,,None,62.6,Daily,55,20000,0,78894.24,5357516.47
CUST1467,Retail,Abuja,Standard,Transfer,6/1/2021,30000,197,81814.89,516,3,2.7,16117533.33,0,Not_Churned,,None,52.7,Daily,78,10000,0.25,305835.55,19659242.38
CUST1468,Retail,Lagos,Standard,Transfer,6/11/2020,10000,176,60681.39,732,2,2.3,10679924.64,0,Not_Churned,,None,64.6,Daily,62,20000,0.21,165323.91,11493867.95
CUST1469,Enterprise,Enugu,Premium,Card,7/6/2021,5000,104,10519.36,710,9,4.4,1094013.44,0,Not_Churned,,None,51.6,Daily,49,0,0.38,21201.81,1297187.84
CUST1470,Retail,Abuja,Basic,Wallet,3/30/2021,30000,175,48639.05,409,5,2.4,8511833.75,0,Not_Churned,,None,54.8,Monthly,87,5000,0.11,155325.43,9138932.78
CUST1471,Enterprise,Lagos,Basic,Transfer,3/6/2020,20000,169,46709.64,479,2,3.8,7893929.16,0,Not_Churned,,None,67.8,Daily,72,0,0.12,116429.63,8923183.2
CUST1472,SME,Abuja,Basic,Cash,1/27/2023,30000,70,20255.07,533,0,3,1417854.9,0,Not_Churned,,None,32.6,Daily,61,20000,-0.05,43492.48,1845631.01
CUST1473,Enterprise,Port Harcourt,Basic,Transfer,12/25/2023,20000,149,70852.76,831,3,,10557061.24,0,Not_Churned,,None,21.5,Weekly,80,10000,0.03,491026.1,15829091.18
CUST1474,SME,Enugu,Basic,Wallet,1/9/2024,30000,172,73188.75,602,0,3.9,12588465,1,Is_Churned,11/3/2020,Inactive,21,Weekly,45,,-0.18,599450.71,18348440.07
CUST1475,Enterprise,Kano,Standard,Transfer,11/18/2020,10000,170,74880.39,515,1,3.4,12729666.3,0,Not_Churned,,None,59.2,Daily,86,50000,0.21,215028.15,15161929.06
CUST1476,Retail,Abuja,Premium,Card,7/8/2023,10000,89,75562.39,619,2,3.2,6725052.71,0,Not_Churned,,None,27.2,Daily,75,10000,-0.01,247244.58,8625945.39
CUST1477,Enterprise,Port Harcourt,Basic,Transfer,6/19/2024,5000,193,10004.75,652,7,3.8,1930916.75,1,Is_Churned,1/16/2025,Switched to Competitor,15.6,Daily,86,10000,0.12,123776.71,3056895.76
CUST1478,Retail,Kano,Premium,Transfer,6/15/2020,20000,141,95852.87,568,9,,13515254.67,0,Not_Churned,,None,64.4,Weekly,49,20000,-0.05,209864.2,14842845.08
CUST1479,Enterprise,Kano,Premium,Wallet,9/29/2020,5000,193,83278.79,734,3,2.9,16072806.47,0,Not_Churned,,None,60.9,Weekly,96,5000,0.17,263921.29,16889248.4
CUST1480,Enterprise,Abuja,Standard,Card,12/6/2022,10000,148,91358.35,715,3,3.7,13521035.8,0,Not_Churned,,None,34.3,Daily,55,5000,0.07,394199.29,17388223.95
CUST1481,Corporate,Lagos,Basic,Wallet,5/29/2021,20000,127,11407.9,604,9,4,1448803.3,1,Is_Churned,8/30/2024,High Fees,52.8,Weekly,52,20000,0.09,27439.46,1745938.43
CUST1482,Retail,Abuja,Standard,Transfer,11/19/2023,5000,6,94047.29,697,8,2.1,564283.74,1,Is_Churned,1/26/2025,High Fees,22.7,Weekly,90,10000,0.37,24858.31,677769.78
CUST1483,Corporate,Port Harcourt,Basic,Cash,12/15/2021,5000,110,82880.97,771,6,3.4,9116906.7,0,Not_Churned,,None,46.2,Daily,97,0,0.22,197335.64,9759780.06
CUST1484,Retail,Kano,Standard,Transfer,6/2/2022,5000,112,85349.72,647,1,2.2,9559168.64,0,Not_Churned,,None,40.5,Weekly,59,5000,-0.04,236028.86,10616700.06
CUST1485,Corporate,Abuja,Premium,Wallet,10/24/2020,5000,76,18395.86,764,2,2.6,1398085.36,0,Not_Churned,,None,60.1,Daily,43,20000,0.1,23262.65,1655314.43
CUST1486,SME,Lagos,Basic,Cash,6/11/2022,5000,175,76490.02,470,3,3.7,13385753.5,0,Not_Churned,,None,40.2,Monthly,59,0,0.08,332978.94,15270278.83
CUST1487,Enterprise,Abuja,Premium,Wallet,3/13/2022,20000,130,96392.5,555,3,4.6,12531025,0,Not_Churned,,None,43.2,Monthly,61,10000,0.28,290070.02,14011349.94
CUST1488,Retail,Enugu,Premium,Wallet,8/22/2022,5000,174,71069.26,501,9,4.6,12366051.24,0,Not_Churned,,None,37.8,Monthly,68,20000,0.3,327144.21,13390440.56
CUST1489,Retail,Lagos,Standard,Card,5/5/2024,20000,61,61350.53,412,7,2.2,3742382.33,0,Not_Churned,,None,17.1,Weekly,55,5000,-0.03,218852.77,4984042.75
CUST1490,Enterprise,Port Harcourt,Basic,Cash,5/22/2021,5000,85,95106.67,670,9,3.3,8084066.95,0,Not_Churned,,None,53.1,Monthly,82,0,0.29,152242.32,9521349.13
CUST1491,Retail,Kano,Premium,Transfer,8/25/2020,10000,199,49864.34,691,9,3.7,9923003.66,0,Not_Churned,,None,62.1,Weekly,86,0,-0.09,159790.72,11781657.98
CUST1492,Retail,Abuja,Standard,Wallet,5/28/2023,10000,162,63936.42,619,5,2.4,10357700.04,0,Not_Churned,,None,28.5,Daily,82,5000,0.26,363428.07,12470914.69
CUST1493,Corporate,Lagos,Basic,Transfer,3/5/2020,5000,145,52870.45,414,2,4.3,7666215.25,0,Not_Churned,,None,67.8,Monthly,62,0,-0.05,113071.02,8250359.03
CUST1494,Retail,Enugu,Basic,Card,2/26/2020,30000,23,93956.16,637,8,4.2,2160991.68,0,Not_Churned,,None,68.1,Weekly,69,5000,-0.02,31732.62,2509816.09
CUST1495,SME,Lagos,Premium,Card,11/13/2023,10000,11,16847.63,516,9,4.7,185323.93,1,Is_Churned,9/27/2025,High Fees,22.9,Monthly,96,20000,0.31,8092.75,271694.2
CUST1496,SME,Ibadan,Basic,Cash,5/25/2022,20000,141,55100.77,730,7,2,7769208.57,0,Not_Churned,,None,40.8,Weekly,69,,0.05,190421.78,8902873.99
CUST1497,Enterprise,Enugu,Premium,Card,9/12/2020,5000,58,71825.72,455,8,2.7,4165891.76,0,Not_Churned,,None,61.5,Weekly,82,10000,0.39,67738.08,4411052.72
CUST1498,Retail,Port Harcourt,Basic,Card,3/26/2023,20000,108,81271.59,750,4,4.5,8777331.72,0,Not_Churned,,None,30.6,Daily,42,20000,-0.11,286840.91,12198742.96
CUST1499,Enterprise,Kano,Standard,Transfer,8/21/2023,30000,90,62471.68,531,2,4,5622451.2,0,Not_Churned,,None,25.7,Weekly,95,10000,0.08,218772.42,7619042.37
CUST1500,SME,Port Harcourt,Premium,Card,2/28/2020,5000,86,91802.6,,3,4.7,7895023.6,0,Not_Churned,,None,68,Weekly,63,10000,0.24,116103.29,9211544.99
CUST1501,Retail,Abuja,Premium,Card,2/12/2020,10000,65,94779.23,707,4,,6160649.95,1,Is_Churned,10/11/2022,None,68.6,Monthly,88,5000,-0.2,89805.39,6706385.46
CUST1502,Retail,Lagos,Basic,Wallet,9/30/2024,20000,91,15788.73,793,8,3.8,1436774.43,0,Not_Churned,,None,12.2,Daily,76,50000,-0.11,117768.4,2476571.56
CUST1503,Enterprise,Ibadan,Basic,Card,7/29/2021,10000,6,46213.35,621,8,3.7,277280.1,0,Not_Churned,,None,50.8,Weekly,52,10000,-0.19,5458.27,326789.22
CUST1504,SME,Enugu,Premium,Wallet,6/8/2023,10000,182,12111.31,572,2,2.1,2204258.42,0,Not_Churned,,None,28.2,Monthly,81,10000,0.4,78165.19,3052831.32
CUST1505,Retail,Enugu,Basic,Card,6/5/2022,5000,35,39647.5,739,6,3.5,1387662.5,1,Is_Churned,12/27/2022,Switched to Competitor,40.4,Daily,71,20000,0.26,34348.08,1797693.4
CUST1506,Enterprise,Lagos,Standard,Card,5/26/2024,20000,37,58318.14,684,5,3.8,2157771.18,1,Is_Churned,6/7/2020,None,16.4,Weekly,76,50000,0.02,131571.41,2681161.61
CUST1507,SME,Ibadan,Basic,Cash,5/23/2021,30000,84,91971.54,708,3,2.6,7725609.36,0,Not_Churned,,None,53,Monthly,51,,-0.11,145766.21,8990867.36
CUST1508,Enterprise,Lagos,Standard,Cash,3/12/2024,10000,15,86189.89,556,4,2.8,1292848.35,0,Not_Churned,,None,18.9,Daily,47,10000,-0.15,68404.67,1705188.85
CUST1509,Corporate,Abuja,Standard,Wallet,9/19/2023,5000,165,21474.98,550,9,3.9,3543371.7,0,Not_Churned,,None,24.7,Daily,63,50000,0.12,143456.34,5021678.54
CUST1510,Retail,Port Harcourt,Standard,Card,2/28/2023,5000,132,18372.73,584,1,3.4,2425200.36,0,Not_Churned,,None,31.5,Daily,83,20000,0.39,76990.49,3178731.91
CUST1511,Corporate,Enugu,Standard,Transfer,6/16/2024,30000,139,63034.06,577,6,4.6,8761734.34,0,Not_Churned,,None,15.7,Daily,55,,0.2,558072.25,14918759.46
CUST1512,SME,Abuja,Standard,Cash,6/22/2023,5000,132,57890.62,420,3,3,7641561.84,1,Is_Churned,3/29/2024,High Fees,27.7,Weekly,71,10000,0.02,275868.66,9322519.53
CUST1513,Corporate,Port Harcourt,Basic,Transfer,11/9/2022,10000,35,33973.99,511,1,2.8,1189089.65,0,Not_Churned,,None,35.2,Weekly,73,0,0.1,33780.96,1346535.18
CUST1514,Corporate,Abuja,Standard,Cash,4/29/2020,5000,180,90950.78,570,5,5,16371140.4,0,Not_Churned,,None,66,Daily,74,10000,0.4,248047.58,17163953.7
CUST1515,SME,Ibadan,Basic,Cash,10/21/2022,20000,130,93462.98,537,1,4.7,12150187.4,0,Not_Churned,,None,35.8,Daily,71,10000,0.11,339390.71,13948808.9
CUST1516,Enterprise,Enugu,Standard,Card,8/4/2023,20000,51,46235.03,632,9,2.1,2357986.53,0,Not_Churned,,None,26.3,Weekly,89,5000,0.38,89657.28,2923234.72
CUST1517,Corporate,Lagos,Premium,Cash,3/7/2022,10000,185,90127.23,731,1,4.3,16673537.55,0,Not_Churned,,None,43.4,Monthly,56,0,-0.19,384182.89,21097250.84
CUST1518,Enterprise,Lagos,Standard,Transfer,2/26/2024,20000,111,44555.4,429,6,2.3,4945649.4,0,Not_Churned,,None,19.4,Daily,41,0,0.23,254930.38,6837832.82
CUST1519,Corporate,Port Harcourt,Premium,Cash,8/7/2022,30000,23,76313.51,780,0,2.1,1755210.73,0,Not_Churned,,None,38.3,Weekly,65,0,0.18,45827.96,2122199.13
CUST1520,Enterprise,Kano,Standard,Wallet,9/13/2023,5000,85,52834.8,706,6,2.8,4490958,0,Not_Churned,,None,24.9,Weekly,93,,0.21,180359.76,6460695.61
CUST1521,SME,Ibadan,Standard,Card,9/17/2024,10000,127,21032.48,560,9,2.8,2671124.96,0,Not_Churned,,None,12.6,Monthly,83,50000,0.14,211994.04,4995772.18
CUST1522,Corporate,Port Harcourt,Standard,Card,9/2/2023,30000,138,93514.08,801,4,4.5,12904943.04,1,Is_Churned,5/22/2020,Inactive,25.3,Weekly,56,0,-0.17,510076.8,16858671.98
CUST1523,SME,Kano,Premium,Wallet,10/24/2021,5000,111,50868.69,477,0,4.1,5646424.59,0,Not_Churned,,None,47.9,Daily,77,50000,-0.11,117879.43,6120692.72
CUST1524,Corporate,Abuja,Premium,Wallet,11/25/2020,30000,53,76103.83,677,5,4.9,4033502.99,0,Not_Churned,,None,59,Weekly,88,20000,0.35,68364.46,4405039.74
CUST1525,SME,Ibadan,Standard,Wallet,2/4/2024,10000,77,43045.64,719,6,4.1,3314514.28,0,Not_Churned,,None,20.1,Daily,41,5000,-0.06,164901.21,4487290.7
CUST1526,SME,Abuja,Basic,Cash,11/18/2022,10000,54,11699.28,420,0,,631761.12,0,Not_Churned,,None,34.9,Weekly,47,50000,0.4,18102.04,808446.62
CUST1527,Corporate,Enugu,Standard,Card,12/25/2020,30000,85,19047.73,784,8,4.1,1619057.05,1,Is_Churned,8/31/2021,High Fees,58,Daily,85,0,0.21,27914.78,1881599.53
CUST1528,Corporate,Ibadan,Premium,Wallet,10/7/2020,5000,99,54659.75,762,6,5,5411315.25,1,Is_Churned,1/1/2023,None,60.6,Daily,45,0,0.07,89295.63,6195721.4
CUST1529,Corporate,Kano,Standard,Cash,12/31/2020,20000,16,72096.79,771,0,4.1,1153548.64,0,Not_Churned,,None,57.8,Weekly,48,50000,0.35,19957.59,1371529.69
CUST1530,Retail,Enugu,Premium,Wallet,5/9/2021,20000,27,40126.18,779,2,4.3,1083406.86,0,Not_Churned,,None,53.5,Daily,40,50000,0.28,20250.6,1290445.54
CUST1531,Enterprise,Lagos,Premium,Transfer,2/10/2021,30000,58,72593.96,542,4,4.8,4210449.68,0,Not_Churned,,None,56.4,Weekly,44,20000,0.06,74653.36,5094272.74
CUST1532,Retail,Kano,Premium,Transfer,8/4/2021,10000,122,72877.2,435,3,2.3,8891018.4,1,Is_Churned,6/13/2022,High Fees,50.6,Weekly,78,,-0.16,175711.83,10824275.13
CUST1533,Retail,Port Harcourt,Standard,Card,8/2/2023,5000,63,73354.23,702,1,4.1,4621316.49,0,Not_Churned,,None,26.3,Weekly,48,10000,0.32,175715.46,5457881.71
CUST1534,SME,Lagos,Premium,Cash,8/2/2021,5000,168,54326.97,837,0,4.6,9126930.96,0,Not_Churned,,None,50.7,Daily,53,20000,0.26,180018.36,9760334.29
CUST1535,Corporate,Lagos,Premium,Transfer,1/27/2021,10000,7,92339.75,613,3,4.9,646378.25,0,Not_Churned,,None,56.9,Weekly,66,20000,0.27,11359.9,722837.24
CUST1536,Enterprise,Port Harcourt,Standard,Transfer,4/7/2021,20000,62,54027.69,431,6,2.6,3349716.78,1,Is_Churned,12/19/2022,High Fees,54.6,Monthly,48,20000,0.25,61350.12,3874722.66
CUST1537,SME,Ibadan,Premium,Cash,2/19/2021,5000,187,50523.87,585,3,3.5,9447963.69,0,Not_Churned,,None,56.1,Daily,75,0,-0.03,168412.9,10927964.72
CUST1538,Retail,Lagos,Standard,Wallet,8/10/2024,30000,61,27944.27,573,8,4,1704600.47,0,Not_Churned,,None,13.9,Monthly,68,50000,0.32,122633.13,2367753.24
CUST1539,Corporate,Kano,Premium,Cash,3/31/2024,20000,149,37688.96,453,7,2.7,5615655.04,0,Not_Churned,,None,18.3,Monthly,59,5000,-0.2,306866.4,8911071.5
CUST1540,SME,Enugu,Basic,Wallet,3/8/2020,30000,171,13810.1,560,7,3.8,2361527.1,1,Is_Churned,12/24/2020,None,67.7,Monthly,54,0,-0.06,34882.23,2569537.32
CUST1541,Corporate,Lagos,Basic,Transfer,4/1/2023,20000,94,67018.18,,4,2.8,6299708.92,0,Not_Churned,,None,30.4,Monthly,75,20000,-0.17,207227.27,8635581.31
CUST1542,SME,Kano,Premium,Transfer,6/3/2020,10000,59,32368.22,650,0,3,1909724.98,1,Is_Churned,11/21/2023,None,64.8,Weekly,42,5000,-0.13,29471.06,2123225.21
CUST1543,Corporate,Abuja,Basic,Transfer,6/14/2020,30000,49,37373.97,822,8,3.3,1831324.53,0,Not_Churned,,None,64.5,Monthly,95,0,0.12,28392.63,1919157.69
CUST1544,Retail,Kano,Standard,Card,6/19/2022,30000,5,79373.31,678,1,3.6,396866.55,0,Not_Churned,,None,40,Daily,92,10000,-0.18,9921.66,441100.85
CUST1545,Enterprise,Enugu,Basic,Card,9/5/2024,10000,25,39449.91,570,5,3.3,986247.75,1,Is_Churned,7/14/2020,Inactive,13,Monthly,62,20000,-0.09,75865.21,1283705.61
CUST1546,Retail,Kano,Premium,Card,1/19/2022,30000,25,31797.63,582,9,3.5,794940.75,1,Is_Churned,12/24/2021,None,45,Monthly,97,0,-0.06,17665.35,854936.38
CUST1547,Enterprise,Port Harcourt,Premium,Cash,6/7/2021,20000,56,25215.2,401,4,2.9,1412051.2,0,Not_Churned,,None,52.5,Monthly,93,0,0.19,26896.21,1665578.89
CUST1548,Corporate,Enugu,Standard,Transfer,1/23/2023,5000,86,79737.26,593,9,2.5,6857404.36,0,Not_Churned,,None,32.7,Weekly,85,20000,0.08,209706.56,7849493.29
CUST1549,SME,Ibadan,Premium,Transfer,5/1/2021,5000,175,21673.56,,7,2.1,3792873,0,Not_Churned,,None,53.8,Monthly,48,10000,0.08,70499.5,4536472.09
CUST1550,Retail,Abuja,Standard,Cash,8/5/2020,10000,184,50837.84,,2,2.6,9354162.56,0,Not_Churned,,None,62.7,Monthly,69,50000,0.26,149189.2,10156833.48
CUST1551,Enterprise,Port Harcourt,Basic,Card,7/11/2023,20000,71,55623.71,812,5,3.7,3949283.41,0,Not_Churned,,None,27.1,Monthly,58,10000,0.07,145730.02,4428872.87
CUST1552,Retail,Ibadan,Basic,Cash,6/23/2020,30000,117,71865.09,643,5,4.4,8408215.53,0,Not_Churned,,None,64.2,Daily,77,20000,0.01,130969.09,9768470.77
CUST1553,Enterprise,Kano,Standard,Card,1/14/2024,30000,48,66995.51,509,9,2.5,3215784.48,0,Not_Churned,,None,20.8,Weekly,42,50000,0.38,154605.02,4328215.87
CUST1554,Retail,Enugu,Standard,Transfer,8/29/2020,5000,164,82964.86,779,2,2.3,13606237.04,0,Not_Churned,,None,61.9,Weekly,89,0,-0.2,219809.97,15451662.51
CUST1555,Enterprise,Abuja,Premium,Wallet,9/15/2020,30000,14,14027.63,722,6,4.2,196386.82,0,Not_Churned,,None,61.4,Weekly,87,10000,-0.02,3198.48,215660.86
CUST1556,Enterprise,Port Harcourt,Basic,Card,4/12/2024,5000,68,36679.67,470,3,2.9,2494217.56,0,Not_Churned,,None,17.9,Daily,42,10000,0.17,139341.76,2969980.93
CUST1557,Corporate,Ibadan,Standard,Transfer,12/2/2021,10000,73,35212.07,563,4,4.9,2570481.11,0,Not_Churned,,None,46.6,Monthly,73,50000,0.27,55160.54,2919735.3
CUST1558,Enterprise,Ibadan,Basic,Transfer,6/27/2024,30000,72,23141.52,684,8,4.1,1666189.44,0,Not_Churned,,None,15.3,Daily,41,0,0.29,108901.27,2500871.64
CUST1559,Corporate,Abuja,Standard,Wallet,9/24/2023,20000,32,36026.04,774,5,3,1152833.28,0,Not_Churned,,None,24.6,Weekly,97,10000,-0.17,46863.14,1298351.7
CUST1560,Enterprise,Kano,Basic,Transfer,7/6/2022,30000,185,37878.88,820,9,2.9,7007592.8,0,Not_Churned,,None,39.4,Weekly,66,50000,0.23,177857.69,8460443.14
CUST1561,SME,Abuja,Premium,Transfer,8/23/2024,5000,120,56969.6,512,3,3.6,6836352,0,Not_Churned,,None,13.4,Weekly,62,10000,0.23,510175.52,12467352.74
CUST1562,SME,Ibadan,Basic,Card,7/25/2023,10000,55,69733.4,627,7,2.2,3835337,0,Not_Churned,,None,26.6,Daily,81,0,-0.07,144185.6,4550578.96
CUST1563,SME,Lagos,Basic,Card,4/12/2020,5000,185,44299.05,700,8,2.4,8195324.25,0,Not_Churned,,None,66.6,Weekly,71,0,-0.13,123052.92,9590858.1
CUST1564,Enterprise,Port Harcourt,Basic,Wallet,8/9/2021,30000,8,74752.32,415,9,,598018.56,1,Is_Churned,5/22/2023,Inactive,50.4,Monthly,86,5000,0.25,11865.45,644038.55
CUST1565,Corporate,Abuja,Basic,Wallet,11/25/2020,5000,83,40254.88,430,4,4.3,3341155.04,0,Not_Churned,,None,59,Daily,74,50000,-0.05,56629.75,3931742.79
CUST1566,Corporate,Ibadan,Basic,Transfer,10/31/2023,5000,21,36125.53,561,1,3.5,758636.13,0,Not_Churned,,None,23.3,Monthly,79,,-0.2,32559.49,1102559.38
CUST1567,Enterprise,Kano,Premium,Card,1/22/2024,10000,112,58706.93,705,5,2,6575176.16,0,Not_Churned,,None,20.6,Weekly,57,10000,-0.07,319183.31,8273179.93
CUST1568,SME,Ibadan,Standard,Wallet,1/10/2022,20000,199,12134.47,592,7,4,2414759.53,1,Is_Churned,1/2/2021,Poor Service,45.3,Weekly,66,0,-0.18,53305.95,3034206.16
CUST1569,SME,Kano,Basic,Wallet,3/10/2021,30000,78,17181.02,,4,3.3,1340119.56,0,Not_Churned,,None,55.5,Daily,50,10000,-0.05,24146.3,1503092.41
CUST1570,Corporate,Abuja,Premium,Cash,4/6/2024,10000,179,47617.26,,0,3.5,8523489.54,1,Is_Churned,5/12/2024,Poor Service,18.1,Monthly,78,10000,0,470911.02,10534893.96
CUST1571,SME,Kano,Basic,Wallet,4/11/2023,20000,188,94862.14,845,7,2.6,17834082.32,0,Not_Churned,,None,30.1,Daily,58,20000,-0.04,592494.43,22766853.28
CUST1572,Retail,Enugu,Basic,Transfer,6/21/2023,5000,27,74936.06,631,8,3.7,2023273.62,1,Is_Churned,3/3/2020,None,27.7,Monthly,64,0,0.35,73042.37,2897556.66
CUST1573,Corporate,Enugu,Standard,Card,5/11/2023,20000,22,17931.39,826,0,4.9,394490.58,0,Not_Churned,,None,29.1,Weekly,46,5000,-0.06,13556.38,544880.04
CUST1574,SME,Enugu,Basic,Wallet,7/8/2022,5000,133,86168.62,583,7,2.2,11460426.46,0,Not_Churned,,None,39.3,Daily,70,50000,0.08,291613.9,13066468.08
CUST1575,Corporate,Lagos,Premium,Cash,9/11/2022,5000,39,75907.07,414,9,2.9,2960375.73,1,Is_Churned,1/18/2024,High Fees,37.2,Daily,96,10000,0.37,79579.99,3612364.89
CUST1576,Retail,Abuja,Premium,Card,2/13/2023,10000,68,64985.19,831,1,2.7,4418992.92,0,Not_Churned,,None,32,Monthly,41,20000,0.33,138093.53,4976657.3
CUST1577,Corporate,Ibadan,Standard,Wallet,5/13/2021,5000,190,83826.37,704,3,2.7,15927010.3,0,Not_Churned,,None,53.4,Weekly,77,20000,-0.01,298258.62,18061528.91
CUST1578,Corporate,Ibadan,Basic,Cash,4/12/2021,10000,63,46369.89,608,1,3.1,2921303.07,0,Not_Churned,,None,54.4,Weekly,44,50000,0,53700.42,3335205.85
CUST1579,Corporate,Lagos,Premium,Wallet,6/18/2024,20000,5,29935.09,571,1,4.5,149675.45,0,Not_Churned,,None,15.6,Monthly,53,50000,0.16,9594.58,205683.85
CUST1580,Corporate,Kano,Basic,Card,6/24/2020,20000,135,56082.11,665,9,4.7,7571084.85,1,Is_Churned,8/8/2022,Switched to Competitor,64.1,Monthly,57,0,0.35,118113.65,8440127.85
CUST1581,Retail,Lagos,Basic,Card,4/12/2023,5000,71,59395.76,419,2,2.6,4217098.96,0,Not_Churned,,None,30.1,Monthly,75,10000,-0.19,140102.96,5797382.89
CUST1582,Enterprise,Kano,Basic,Card,12/10/2022,10000,41,58449.37,,7,3.6,2396424.17,1,Is_Churned,7/6/2023,High Fees,34.2,Monthly,43,10000,0.04,70070.88,2922042.5
CUST1583,Corporate,Kano,Standard,Transfer,10/24/2021,5000,33,60856.64,407,3,3.9,2008269.12,1,Is_Churned,2/22/2023,None,47.9,Monthly,63,50000,0.31,41926.29,2447611.23
CUST1584,Corporate,Port Harcourt,Basic,Wallet,8/6/2024,10000,93,95383.44,828,6,3.6,8870659.92,0,Not_Churned,,None,14,Weekly,52,,0.05,633618.57,12581455.92
CUST1585,SME,Ibadan,Premium,Transfer,7/23/2021,10000,165,91202.11,433,9,,15048348.15,0,Not_Churned,,None,51,Weekly,94,10000,0.23,295065.65,18513197.26
CUST1586,Corporate,Enugu,Basic,Card,1/30/2023,10000,104,88814.53,623,2,2.6,9236711.12,1,Is_Churned,8/25/2021,Inactive,32.5,Daily,60,20000,0.22,284206.5,10328396.48
CUST1587,SME,Kano,Premium,Cash,7/21/2022,20000,193,82127.51,578,9,3.5,15850609.43,0,Not_Churned,,None,38.9,Weekly,96,50000,-0.08,407470.68,19220505.99
CUST1588,Enterprise,Port Harcourt,Basic,Wallet,6/27/2022,10000,126,94908.53,645,2,3.2,11958474.78,1,Is_Churned,1/23/2024,High Fees,39.7,Monthly,72,10000,0.07,301221.03,15003515.32
CUST1589,Retail,Ibadan,Premium,Transfer,3/29/2020,20000,94,18864.52,659,1,4.4,1773264.88,0,Not_Churned,,None,67,Weekly,59,0,0.14,26466.64,2046569.17
CUST1590,Retail,Enugu,Premium,Wallet,10/26/2020,10000,136,33861.09,507,5,4.3,4605108.24,0,Not_Churned,,None,60,Weekly,44,50000,0.23,76751.8,4972329.29
CUST1591,Enterprise,Kano,Basic,Cash,3/11/2022,20000,18,54555.04,641,5,2.4,981990.72,1,Is_Churned,7/3/2023,Poor Service,43.3,Weekly,63,20000,0.29,22678.77,1132006.56
CUST1592,Retail,Kano,Basic,Transfer,11/7/2020,30000,165,86188.1,822,0,2.3,14221036.5,0,Not_Churned,,None,59.6,Daily,74,0,0.26,238607.99,16277303.92
CUST1593,Enterprise,Lagos,Premium,Card,1/16/2022,20000,154,55464.91,423,6,4.7,8541596.14,0,Not_Churned,,None,45.1,Daily,69,50000,-0.18,189392.38,9648205.48
CUST1594,Enterprise,Lagos,Standard,Transfer,9/3/2023,20000,180,77323.13,615,3,3.6,13918163.4,0,Not_Churned,,None,25.3,Monthly,67,50000,0.2,550125.04,18827844.73
CUST1595,Enterprise,Ibadan,Basic,Wallet,2/21/2022,5000,135,22506.39,454,2,4.6,3038362.65,1,Is_Churned,9/23/2024,None,43.9,Monthly,92,10000,0.1,69210.99,3481937.5
CUST1596,Retail,Enugu,Standard,Wallet,4/16/2023,10000,89,32717.24,425,7,2.2,2911834.36,0,Not_Churned,,None,29.9,Daily,90,,0.14,97385.76,3511515.96
CUST1597,SME,Kano,Basic,Wallet,12/20/2020,30000,155,75859.85,680,1,3.6,11758276.75,0,Not_Churned,,None,58.2,Weekly,84,50000,0.02,202032.25,12560873
CUST1598,Enterprise,Ibadan,Basic,Wallet,11/8/2023,5000,25,24826.06,691,8,3.6,620651.5,0,Not_Churned,,None,23.1,Weekly,46,20000,0.23,26868.03,710747.41
CUST1599,Corporate,Ibadan,Basic,Card,11/12/2021,10000,175,41622.03,726,7,4.6,7283855.25,0,Not_Churned,,None,47.3,Daily,81,0,0.2,153992.71,8903467.98
CUST1600,Retail,Abuja,Basic,Transfer,5/1/2022,30000,30,33837.96,585,7,2.3,1015138.8,0,Not_Churned,,None,41.6,Monthly,74,10000,0.15,24402.38,1195860.6
CUST1601,Enterprise,Lagos,Standard,Card,11/27/2020,30000,45,41487.55,411,2,2.7,1866939.75,0,Not_Churned,,None,58.9,Weekly,94,5000,0.32,31696.77,2122601.41
CUST1602,Enterprise,Enugu,Basic,Card,5/17/2020,30000,126,73749.16,528,3,3.2,9292394.16,0,Not_Churned,,None,65.4,Monthly,69,,-0.14,142085.54,10194635.96
CUST1603,Corporate,Kano,Premium,Card,4/15/2021,10000,42,43106.25,771,1,4.6,1810462.5,1,Is_Churned,9/25/2025,High Fees,54.3,Weekly,73,5000,-0.02,33341.85,1951521.1
CUST1604,SME,Ibadan,Premium,Wallet,6/29/2023,30000,92,59973.7,,1,4.8,5517580.4,0,Not_Churned,,None,27.5,Monthly,78,50000,0.1,200639.29,6931314.6
CUST1605,SME,Kano,Standard,Wallet,2/10/2021,30000,15,18993.87,808,3,5,284908.05,0,Not_Churned,,None,56.4,Weekly,48,10000,0.38,5051.56,310471.98
CUST1606,SME,Abuja,Basic,Wallet,11/16/2022,5000,33,82451.59,607,5,4.9,2720902.47,1,Is_Churned,4/12/2022,High Fees,35,Monthly,99,10000,-0.16,77740.07,3540216.51
CUST1607,Enterprise,Enugu,Premium,Transfer,2/22/2024,20000,64,43289.98,,4,2,2770558.72,0,Not_Churned,,None,19.5,Monthly,92,10000,0,142079.93,4458624.04
CUST1608,Enterprise,Ibadan,Standard,Cash,1/21/2023,10000,199,68368.07,738,0,2.1,13605245.93,1,Is_Churned,1/4/2025,Inactive,32.8,Monthly,51,,0.36,414794.08,18168754.39
CUST1609,Enterprise,Kano,Basic,Wallet,3/5/2021,20000,197,75285.06,595,9,2.4,14831156.82,0,Not_Churned,,None,55.7,Daily,93,0,0.34,266268.52,16895927.39
CUST1610,Retail,Lagos,Premium,Transfer,10/11/2020,5000,65,28869.48,661,0,3,1876516.2,0,Not_Churned,,None,60.5,Monthly,68,0,0.32,31016.8,2144910.53
CUST1611,Corporate,Abuja,Premium,Wallet,2/19/2021,20000,151,89620.75,681,5,4.5,13532733.25,0,Not_Churned,,None,56.1,Daily,49,50000,-0.01,241225.19,16314808.09
CUST1612,Enterprise,Enugu,Standard,Wallet,6/24/2021,30000,178,65460.18,768,2,4.7,11651912.04,0,Not_Churned,,None,52,Daily,66,,0.31,224075.23,13410485.15
CUST1613,Corporate,Abuja,Basic,Card,4/7/2020,30000,181,48585.26,502,2,2.6,8793932.06,0,Not_Churned,,None,66.7,Monthly,58,50000,0.1,131843.06,9947203.18
CUST1614,Corporate,Lagos,Basic,Card,10/16/2020,10000,26,26410.17,519,6,,686664.42,0,Not_Churned,,None,60.3,Daily,52,0,0.17,11387.47,785314.84
CUST1615,SME,Enugu,Premium,Card,5/21/2023,10000,82,94807.08,582,0,4.8,7774180.56,0,Not_Churned,,None,28.8,Daily,81,0,-0.06,269936.82,10304322.62
CUST1616,Retail,Abuja,Premium,Transfer,7/21/2024,10000,117,77956.14,822,0,3.4,9120868.38,0,Not_Churned,,None,14.5,Daily,76,0,0.22,629025.41,14632745.05
CUST1617,Enterprise,Port Harcourt,Premium,Cash,12/31/2021,5000,189,28722.21,408,9,2.3,5428497.69,0,Not_Churned,,None,45.6,Weekly,71,20000,0,119046,6504238.75
CUST1618,SME,Lagos,Basic,Cash,10/7/2020,10000,127,40393.97,444,2,3.4,5130034.19,0,Not_Churned,,None,60.6,Monthly,54,10000,0.01,84654.03,5937045.34
CUST1619,SME,Lagos,Standard,Transfer,6/24/2021,5000,146,82870.68,643,7,3.1,12099119.28,0,Not_Churned,,None,52,Daily,60,20000,0.18,232675.37,14491462.51
CUST1620,Enterprise,Lagos,Standard,Wallet,3/20/2024,30000,48,72610.99,669,0,3.7,3485327.52,0,Not_Churned,,None,18.6,Monthly,42,0,-0.06,187383.2,4727208.69
CUST1621,Corporate,Port Harcourt,Basic,Transfer,8/24/2023,20000,148,78920.59,511,9,3.3,11680247.32,0,Not_Churned,,None,25.6,Daily,47,,-0.07,456259.66,16111671.92
CUST1622,SME,Port Harcourt,Standard,Wallet,7/25/2024,30000,101,49708.1,454,3,2.1,5020518.1,0,Not_Churned,,None,14.4,Monthly,45,20000,0.02,348647.09,6380881.11
CUST1623,Corporate,Kano,Premium,Transfer,6/13/2022,30000,81,74482.86,792,8,5,6033111.66,0,Not_Churned,,None,40.2,Daily,68,50000,0.27,150077.4,7666808.01
CUST1624,Retail,Ibadan,Standard,Transfer,3/21/2023,30000,144,44784.44,414,3,3.6,6448959.36,0,Not_Churned,,None,30.8,Weekly,58,10000,-0.07,209381.8,7623674.83
CUST1625,Corporate,Abuja,Standard,Transfer,11/11/2022,10000,59,29013.66,436,9,3.4,1711805.94,0,Not_Churned,,None,35.1,Weekly,56,50000,0.27,48769.4,2035202.8
CUST1626,Retail,Kano,Standard,Cash,2/21/2022,10000,55,66940.93,577,7,4.9,3681751.15,1,Is_Churned,11/18/2024,Inactive,43.9,Weekly,49,10000,0.22,83866.77,4539917.4
CUST1627,Corporate,Abuja,Premium,Card,5/2/2020,10000,106,97841.25,526,6,2.5,10371172.5,0,Not_Churned,,None,65.9,Daily,72,5000,0.21,157377.43,11745531.37
CUST1628,SME,Ibadan,Basic,Transfer,4/14/2020,20000,171,37954.09,516,2,2.6,6490149.39,0,Not_Churned,,None,66.5,Monthly,52,10000,0.08,97596.23,7054026.34
CUST1629,SME,Port Harcourt,Premium,Cash,8/17/2021,10000,165,51487.26,739,6,4.4,8495397.9,1,Is_Churned,10/6/2022,Inactive,50.2,Daily,66,50000,0.25,169231.03,9346391.51
CUST1630,Retail,Ibadan,Basic,Card,2/25/2024,5000,165,70660.12,471,6,2.8,11658919.8,0,Not_Churned,,None,19.4,Weekly,81,10000,-0.19,600975.25,18641909.72
CUST1631,Enterprise,Port Harcourt,Basic,Card,3/23/2021,30000,33,58735.57,751,9,4.4,1938273.81,0,Not_Churned,,None,55.1,Daily,51,5000,-0.02,35177.38,2071595.46
CUST1632,Retail,Ibadan,Basic,Transfer,6/21/2022,20000,73,85908.5,510,2,2.8,6271320.5,0,Not_Churned,,None,39.9,Monthly,41,5000,0.21,157175.95,6748980.63
CUST1633,Retail,Kano,Standard,Wallet,6/27/2020,20000,163,78556.84,548,1,2.1,12804764.92,0,Not_Churned,,None,64,Weekly,49,0,0.39,200074.45,14616721.87
CUST1634,Corporate,Enugu,Standard,Wallet,3/30/2023,20000,84,15246.75,584,8,3.6,1280727,0,Not_Churned,,None,30.5,Daily,60,5000,-0.2,41991.05,1638922.01
CUST1635,Corporate,Kano,Basic,Wallet,9/30/2021,20000,35,99857.91,504,0,2.6,3495026.85,0,Not_Churned,,None,48.7,Monthly,62,20000,0.11,71766.47,4186750.05
CUST1636,Retail,Abuja,Basic,Transfer,8/7/2021,20000,116,77716.22,546,6,4.3,9015081.52,0,Not_Churned,,None,50.5,Weekly,40,50000,0.35,178516.47,10726109.35
CUST1637,SME,Kano,Standard,Wallet,6/2/2024,5000,50,87751.3,620,3,3.9,4387565,0,Not_Churned,,None,16.2,Monthly,72,20000,0.32,270837.35,7304302.45
CUST1638,Corporate,Lagos,Premium,Cash,6/17/2022,30000,101,68607.79,713,1,4.8,6929386.79,0,Not_Churned,,None,40,Monthly,91,20000,-0.19,173234.67,8886761.41
CUST1639,Enterprise,Abuja,Basic,Cash,6/2/2023,20000,56,87065.66,750,1,,4875676.96,0,Not_Churned,,None,28.4,Weekly,65,50000,0.12,171678.77,6588210.79
CUST1640,Corporate,Ibadan,Premium,Cash,5/20/2021,30000,142,20114.47,773,7,2.5,2856254.74,0,Not_Churned,,None,53.1,Daily,54,20000,-0.2,53790.11,3130080.67
CUST1641,Corporate,Abuja,Standard,Cash,1/29/2024,10000,78,41296.41,405,6,4.4,3221119.98,0,Not_Churned,,None,20.3,Daily,61,20000,0.27,158675.86,4359058.43
CUST1642,Enterprise,Enugu,Basic,Card,12/2/2021,20000,45,88877.88,659,6,3.9,3999504.6,0,Not_Churned,,None,46.6,Daily,64,20000,-0.01,85826.28,4752667.78
CUST1643,Retail,Port Harcourt,Premium,Cash,4/25/2021,20000,81,28148.97,698,4,4,2280066.57,0,Not_Churned,,None,54,Daily,40,5000,0.26,42223.45,2611701.41
CUST1644,Enterprise,Ibadan,Premium,Wallet,2/12/2023,30000,135,17041.79,748,9,4.5,2300641.65,1,Is_Churned,1/29/2021,Switched to Competitor,32,Monthly,98,50000,0.37,71895.05,2619142.25
CUST1645,Retail,Abuja,Premium,Transfer,8/22/2024,20000,191,80930.7,441,7,3.7,15457763.7,0,Not_Churned,,None,13.5,Daily,65,50000,0.39,1145019.53,24965384.4
CUST1646,Retail,Ibadan,Standard,Wallet,1/30/2022,20000,118,85193.75,658,1,3.4,10052862.5,0,Not_Churned,,None,44.6,Daily,60,50000,0.34,225400.5,12527479.81
CUST1647,Retail,Ibadan,Standard,Cash,2/24/2024,20000,56,24638.7,784,1,3.9,1379767.2,0,Not_Churned,,None,19.5,Monthly,80,20000,-0.08,70757.29,1858557.33
CUST1648,Enterprise,Ibadan,Premium,Card,11/25/2020,5000,166,86891.14,838,4,2.9,14423929.24,0,Not_Churned,,None,59,Monthly,63,5000,-0.08,244473.38,16629175.98
CUST1649,Retail,Port Harcourt,Premium,Cash,12/27/2023,5000,181,71809.1,670,0,2.5,12997447.1,0,Not_Churned,,None,21.4,Weekly,78,50000,0.18,607357.34,18186348.98
CUST1650,SME,Kano,Standard,Transfer,9/14/2023,20000,160,56807.44,446,5,3.8,9089190.4,1,Is_Churned,3/27/2022,None,24.9,Monthly,55,10000,0.13,365027.73,11422954.47
CUST1651,Enterprise,Ibadan,Premium,Wallet,6/4/2024,5000,91,84722.52,484,3,2.7,7709749.32,0,Not_Churned,,None,16.1,Weekly,71,50000,-0.19,478866.42,11582553.22
CUST1652,SME,Lagos,Premium,Transfer,11/26/2023,10000,113,47732.43,573,5,2.2,5393764.59,1,Is_Churned,5/17/2022,None,22.5,Weekly,55,0,0.04,239722.87,6566466.87
CUST1653,Retail,Enugu,Standard,Transfer,3/15/2022,20000,145,27459.46,457,6,2,3981621.7,0,Not_Churned,,None,43.2,Daily,52,10000,0.34,92167.17,4711121.7
CUST1654,Corporate,Port Harcourt,Premium,Transfer,7/5/2024,10000,73,35636.74,598,2,3.8,2601482.02,1,Is_Churned,3/13/2020,Poor Service,15.1,Daily,81,50000,0.34,172283.58,4356959.79
CUST1655,Retail,Abuja,Premium,Wallet,5/2/2022,30000,124,55464.76,608,7,3.1,6877630.24,0,Not_Churned,,None,41.6,Daily,71,20000,-0.08,165327.65,8502888.65
CUST1656,SME,Port Harcourt,Premium,Cash,12/8/2023,10000,71,57819.77,647,6,4.3,4105203.67,0,Not_Churned,,None,22.1,Monthly,89,50000,0.03,185755.82,5260900.35
CUST1657,SME,Abuja,Standard,Transfer,3/26/2023,30000,65,82502.27,610,0,3.1,5362647.55,1,Is_Churned,9/2/2024,Poor Service,30.6,Monthly,80,5000,0.14,175249.92,6065183.64
CUST1658,Enterprise,Port Harcourt,Premium,Wallet,11/25/2021,20000,192,81221.75,438,5,3.5,15594576,0,Not_Churned,,None,46.8,Daily,83,5000,0.31,333217.44,18993221.84
CUST1659,Corporate,Abuja,Standard,Card,2/21/2020,30000,75,62322.99,651,6,3.2,4674224.25,1,Is_Churned,11/29/2020,None,68.3,Daily,63,50000,0.12,68436.67,5042780.11
CUST1660,Enterprise,Ibadan,Standard,Wallet,9/10/2024,30000,156,80270.69,530,3,4,12522227.64,0,Not_Churned,,None,12.8,Monthly,52,20000,0.38,978299.03,15924158.67
CUST1661,SME,Kano,Basic,Card,6/28/2020,10000,195,27259.61,813,1,3.1,5315623.95,0,Not_Churned,,None,64,Weekly,50,20000,0.28,83056.62,5897579.54
CUST1662,Retail,Abuja,Basic,Wallet,1/15/2023,10000,193,14505.81,690,9,4.9,2799621.33,0,Not_Churned,,None,33,Weekly,54,20000,0.37,84837.01,3618742.58
CUST1663,Corporate,Abuja,Premium,Cash,7/4/2022,10000,155,88627.04,649,8,4.8,13737191.2,0,Not_Churned,,None,39.5,Daily,49,50000,0.24,347776.99,17311100.5
CUST1664,Retail,Lagos,Standard,Transfer,3/6/2024,20000,34,16799.9,840,6,4.5,571196.6,0,Not_Churned,,None,19.1,Daily,81,50000,0.33,29905.58,925273.24
CUST1665,Retail,Abuja,Basic,Cash,6/15/2024,20000,192,32201.96,812,0,4.8,6182776.32,0,Not_Churned,,None,15.7,Daily,80,0,0.3,393807.41,8035509.91
CUST1666,Corporate,Lagos,Premium,Wallet,5/4/2022,10000,150,72578.71,833,7,3.3,10886806.5,0,Not_Churned,,None,41.5,Weekly,96,5000,-0.05,262332.69,12367452.65
CUST1667,Enterprise,Enugu,Basic,Transfer,5/3/2024,20000,100,46850.31,845,2,3.6,4685031,0,Not_Churned,,None,17.2,Daily,96,10000,-0.06,272385.52,6996334.98
CUST1668,Retail,Ibadan,Basic,Card,1/24/2020,20000,60,88868.26,451,3,4.2,5332095.6,0,Not_Churned,,None,69.2,Weekly,42,10000,0.32,77053.4,6125906.59
CUST1669,SME,Lagos,Standard,Wallet,3/6/2021,30000,57,36818.18,773,4,4.1,2098636.26,0,Not_Churned,,None,55.6,Monthly,94,5000,-0.15,37745.26,2291389.24
CUST1670,Retail,Kano,Standard,Transfer,8/20/2024,30000,11,11068.42,413,0,4.7,121752.62,0,Not_Churned,,None,13.5,Monthly,55,0,0.05,9018.71,182080.81
CUST1671,Corporate,Ibadan,Basic,Card,2/4/2020,10000,101,37059.01,818,5,4.1,3742960.01,0,Not_Churned,,None,68.8,Monthly,83,5000,0.29,54403.49,4106136.38
CUST1672,Corporate,Lagos,Basic,Card,2/15/2021,20000,117,62026.75,555,9,5,7257129.75,0,Not_Churned,,None,56.3,Daily,56,0,0.29,128901.06,8540524.14
CUST1673,Corporate,Ibadan,Standard,Cash,3/8/2021,30000,129,43834.45,841,5,3,5654644.05,1,Is_Churned,10/4/2020,High Fees,55.6,Monthly,64,0,-0.12,101702.23,6180280.76
CUST1674,Enterprise,Ibadan,Premium,Wallet,9/30/2020,5000,184,58138.55,429,1,4.5,10697493.2,0,Not_Churned,,None,60.9,Weekly,69,20000,0.09,175656.7,12755983.51
CUST1675,Retail,Ibadan,Standard,Card,6/25/2021,20000,136,88893.83,489,9,4.1,12089560.88,0,Not_Churned,,None,51.9,Weekly,86,5000,0.09,232939.52,13858544.41
CUST1676,Enterprise,Enugu,Basic,Transfer,4/9/2022,5000,166,92123.65,790,5,4.1,15292525.9,0,Not_Churned,,None,42.3,Weekly,96,10000,-0.01,361525.43,17294870.99
CUST1677,Enterprise,Kano,Premium,Card,6/10/2022,10000,165,33937.67,566,7,3,5599715.55,1,Is_Churned,10/9/2020,None,40.3,Daily,74,50000,0.35,138950.76,6372081.28
CUST1678,Corporate,Port Harcourt,Basic,Card,11/17/2020,20000,125,51592.64,750,5,4.4,6449080,0,Not_Churned,,None,59.3,Daily,76,50000,0.19,108753.46,6793252.24
CUST1679,Corporate,Port Harcourt,Premium,Cash,11/5/2023,10000,42,59422.96,468,3,4.7,2495764.32,0,Not_Churned,,None,23.2,Weekly,99,5000,0.39,107576.05,3488893.33
CUST1680,Enterprise,Lagos,Basic,Cash,3/7/2023,10000,126,95420.12,562,3,2.7,12022935.12,0,Not_Churned,,None,31.3,Weekly,52,50000,-0.16,384119.33,15857803.7
CUST1681,Retail,Ibadan,Premium,Transfer,8/19/2023,10000,30,99875.56,641,8,3.9,2996266.8,0,Not_Churned,,None,25.8,Weekly,63,0,0.04,116134.37,3378563.67
CUST1682,SME,Lagos,Premium,Cash,6/27/2021,10000,133,31186.65,782,5,3.2,4147824.45,1,Is_Churned,7/28/2022,Switched to Competitor,51.9,Weekly,77,50000,0.3,79919.55,4809031.92
CUST1683,Enterprise,Enugu,Basic,Card,4/15/2022,10000,8,75428.19,451,7,5,603425.52,1,Is_Churned,12/9/2021,Poor Service,42.1,Monthly,65,0,0.05,14333.15,747259.55
CUST1684,Retail,Enugu,Premium,Card,12/9/2021,20000,43,44022.8,541,7,3.4,1892980.4,1,Is_Churned,3/5/2021,Poor Service,46.4,Weekly,97,0,-0.04,40796.99,2153516.46
CUST1685,Corporate,Abuja,Standard,Cash,2/5/2020,5000,58,10729.74,462,6,2.7,622324.92,0,Not_Churned,,None,68.8,Daily,48,10000,0.4,9045.42,684690.12
CUST1686,Corporate,Enugu,Basic,Card,9/23/2024,20000,165,10832.73,691,2,3.1,1787400.45,0,Not_Churned,,None,12.4,Daily,58,,0.32,144145.2,2688974.52
CUST1687,Retail,Abuja,Standard,Card,4/24/2020,20000,37,51450.94,490,9,4,1903684.78,1,Is_Churned,8/13/2020,Poor Service,66.2,Daily,67,10000,0.13,28756.57,2071647.93
CUST1688,SME,Kano,Basic,Transfer,10/20/2023,20000,24,53950.14,551,0,,1294803.36,0,Not_Churned,,None,23.7,Daily,46,50000,0.14,54633.05,1700195.57
CUST1689,Corporate,Lagos,Premium,Cash,5/10/2023,30000,20,12031.27,823,4,3.8,240625.4,0,Not_Churned,,None,29.1,Daily,84,0,-0.2,8268.91,277793.25
CUST1690,Corporate,Kano,Premium,Card,1/2/2021,30000,153,71823.47,556,9,4.8,10988990.91,0,Not_Churned,,None,57.7,Weekly,61,50000,0.39,190450.45,12315704.82
CUST1691,Corporate,Enugu,Premium,Cash,12/12/2020,20000,177,36460.3,708,9,4.6,6453473.1,0,Not_Churned,,None,58.4,Weekly,69,,0.28,110504.68,7721672.11
CUST1692,Retail,Kano,Basic,Transfer,7/18/2020,5000,131,60390.38,,1,,7911139.78,0,Not_Churned,,None,63.3,Monthly,76,20000,-0.18,124978.51,8316897.27
CUST1693,Enterprise,Kano,Standard,Cash,6/15/2022,20000,91,37082.72,549,9,5,3374527.52,1,Is_Churned,9/29/2025,None,40.1,Monthly,55,10000,-0.09,84152.81,3751758.7
CUST1694,Corporate,Kano,Standard,Card,5/10/2024,10000,86,25042.09,727,1,4.1,2153619.74,0,Not_Churned,,None,16.9,Monthly,75,20000,0.29,127433.12,3427864.47
CUST1695,Enterprise,Enugu,Basic,Cash,4/8/2024,30000,66,46645.64,670,6,2.5,3078612.24,0,Not_Churned,,None,18,Weekly,44,5000,-0.15,171034.01,3794990.49
CUST1696,SME,Ibadan,Basic,Card,5/27/2022,30000,35,30904.6,768,2,2,1081661,0,Not_Churned,,None,40.7,Monthly,68,10000,0.37,26576.44,1226277.55
CUST1697,Corporate,Kano,Standard,Card,3/16/2020,20000,46,58132.09,468,7,2.5,2674076.14,0,Not_Churned,,None,67.5,Weekly,91,50000,0.4,39615.94,2955093.61
CUST1698,Corporate,Abuja,Standard,Card,3/27/2022,20000,16,27894.57,515,8,4.5,446313.12,0,Not_Churned,,None,42.8,Daily,90,,0.33,10427.88,566113.55
CUST1699,SME,Enugu,Standard,Transfer,1/19/2022,5000,69,55756.54,591,7,2.1,3847201.26,0,Not_Churned,,None,45,Weekly,62,50000,0.24,85493.36,4244874.48
CUST1700,Corporate,Kano,Standard,Cash,12/8/2021,5000,77,24164.07,403,5,2.7,1860633.39,0,Not_Churned,,None,46.4,Weekly,45,20000,0.09,40099.86,2314073.15
CUST1701,Enterprise,Ibadan,Basic,Transfer,1/12/2022,10000,135,70387.72,474,4,4.3,9502342.2,1,Is_Churned,1/20/2020,Poor Service,45.2,Daily,75,10000,-0.15,210228.81,11492519.62
CUST1702,Retail,Enugu,Basic,Cash,9/18/2024,20000,119,77854.39,801,2,,9264672.41,0,Not_Churned,,None,12.6,Daily,96,10000,0.24,735291.46,15911930.87
CUST1703,Enterprise,Port Harcourt,Premium,Transfer,2/14/2023,20000,141,19935.48,697,2,4.3,2810902.68,1,Is_Churned,5/7/2024,Poor Service,32,Daily,72,50000,0.04,87840.71,3646433.25
CUST1704,Retail,Ibadan,Standard,Wallet,6/26/2023,20000,110,52102.22,640,6,4.2,5731244.2,0,Not_Churned,,None,27.6,Monthly,88,10000,0.14,207653.78,6412601.97
CUST1705,Retail,Abuja,Premium,Card,1/6/2024,30000,183,16378.45,429,4,2.2,2997256.35,0,Not_Churned,,None,21.1,Monthly,80,50000,-0.02,142050.06,3549845.54
CUST1706,Enterprise,Kano,Basic,Card,6/5/2020,10000,20,63836.42,542,5,4.7,1276728.4,0,Not_Churned,,None,64.8,Monthly,55,0,-0.05,19702.6,1395211.52
CUST1707,Enterprise,Port Harcourt,Basic,Transfer,9/3/2023,5000,82,33796.39,725,5,2.7,2771303.98,0,Not_Churned,,None,25.3,Daily,94,20000,-0.01,109537.71,3172837.3
CUST1708,Enterprise,Port Harcourt,Premium,Wallet,2/3/2021,30000,129,57486.2,582,8,3.7,7415719.8,0,Not_Churned,,None,56.7,Monthly,73,,0.29,130788.71,8970576.24
CUST1709,Enterprise,Enugu,Standard,Card,4/6/2024,30000,135,56571.49,836,0,3.9,7637151.15,0,Not_Churned,,None,18.1,Daily,82,20000,0.06,421942.05,11107080.11
CUST1710,SME,Port Harcourt,Standard,Cash,10/11/2021,30000,156,93191.89,415,7,2.5,14537934.84,0,Not_Churned,,None,48.3,Daily,65,0,-0.01,300992.44,16761093.02
CUST1711,Corporate,Abuja,Standard,Transfer,7/18/2024,30000,145,59417.49,510,9,4.9,8615536.05,0,Not_Churned,,None,14.6,Daily,76,20000,0.06,590105.21,14557663.07
CUST1712,Retail,Abuja,Standard,Card,7/2/2020,10000,134,62469.86,759,4,3.5,8370961.24,0,Not_Churned,,None,63.9,Monthly,52,50000,-0.18,131000.96,9915807.57
CUST1713,Enterprise,Lagos,Premium,Card,5/31/2020,20000,116,46148.78,600,5,2.2,5353258.48,0,Not_Churned,,None,64.9,Monthly,91,10000,0.33,82484.72,6309765.16
CUST1714,Enterprise,Abuja,Premium,Transfer,11/16/2020,5000,131,95417.16,506,5,4.8,12499647.96,0,Not_Churned,,None,59.3,Daily,56,20000,0.13,210786.64,14636515.01
CUST1715,Enterprise,Ibadan,Basic,Transfer,5/21/2021,5000,25,79946.73,778,0,3.8,1998668.25,0,Not_Churned,,None,53.1,Monthly,71,,-0.14,37639.7,2239357.7
CUST1716,SME,Port Harcourt,Standard,Cash,12/9/2023,30000,151,35686.48,561,2,4.1,5388658.48,0,Not_Churned,,None,22,Weekly,71,0,-0.03,244939.02,6268879.98
CUST1717,Enterprise,Abuja,Standard,Cash,8/7/2021,30000,93,85978.86,682,5,3.6,7996033.98,0,Not_Churned,,None,50.5,Monthly,67,5000,0.39,158337.31,8611236.8
CUST1718,Enterprise,Enugu,Standard,Card,9/29/2021,10000,51,48915.67,668,8,4.5,2494699.17,0,Not_Churned,,None,48.7,Daily,68,10000,0.16,51225.86,2648908.23
CUST1719,Enterprise,Lagos,Premium,Card,4/16/2021,30000,154,84580.04,554,5,2.1,13025326.16,0,Not_Churned,,None,54.3,Daily,64,50000,-0.03,239877.09,13749065.29
CUST1720,Corporate,Port Harcourt,Standard,Transfer,4/4/2022,5000,165,84059.93,472,5,2.8,13869888.45,0,Not_Churned,,None,42.5,Daily,86,0,0.06,326350.32,17599353.54
CUST1721,SME,Lagos,Premium,Card,6/20/2024,5000,164,26998.32,596,0,3.4,4427724.48,1,Is_Churned,4/10/2024,None,15.6,Weekly,61,50000,-0.04,283828.49,7647234.35
CUST1722,Enterprise,Port Harcourt,Standard,Card,5/18/2023,20000,196,73102.7,642,8,2.2,14328129.2,0,Not_Churned,,None,28.9,Daily,66,,-0.18,495783.02,18794134.89
CUST1723,Retail,Enugu,Standard,Transfer,12/21/2023,20000,89,36157.87,485,3,4.1,3218050.43,1,Is_Churned,10/27/2023,High Fees,21.6,Daily,83,20000,0.31,148983.82,4639369.64
CUST1724,Retail,Lagos,Basic,Card,7/8/2022,5000,171,36774.34,686,1,3.2,6288412.14,0,Not_Churned,,None,39.3,Monthly,77,0,-0.02,160010.49,7507512.36
CUST1725,Retail,Kano,Standard,Card,10/31/2023,5000,132,36671.33,658,0,2.8,4840615.56,1,Is_Churned,12/19/2022,Poor Service,23.3,Weekly,59,0,0.3,207751.74,5908580.04
CUST1726,SME,Ibadan,Standard,Wallet,7/13/2020,10000,76,75301.14,685,2,2,5722886.64,0,Not_Churned,,None,63.5,Monthly,84,10000,0.09,90124.2,6734933.29
CUST1727,SME,Ibadan,Basic,Cash,1/10/2020,10000,46,30684.34,548,2,4.2,1411479.64,1,Is_Churned,2/21/2024,Poor Service,69.7,Daily,89,5000,-0.09,20250.78,1522842.93
CUST1728,Retail,Port Harcourt,Premium,Transfer,9/21/2023,5000,13,10081.53,754,4,4.5,131059.89,0,Not_Churned,,None,24.7,Daily,63,50000,0.28,5306.07,182300.87
CUST1729,Enterprise,Kano,Premium,Wallet,3/2/2023,30000,29,74371.32,789,0,3.2,2156768.28,0,Not_Churned,,None,31.4,Weekly,86,10000,0.03,68686.89,2514552.94
CUST1730,SME,Lagos,Standard,Cash,1/14/2021,20000,6,25406.63,815,6,3.7,152439.78,0,Not_Churned,,None,57.3,Daily,86,10000,0.22,2660.38,181255.24
CUST1731,Retail,Kano,Premium,Cash,12/15/2023,5000,23,19403.42,825,0,2.7,446278.66,0,Not_Churned,,None,21.8,Weekly,47,50000,0.3,20471.5,627679.83
CUST1732,Retail,Kano,Standard,Cash,11/17/2022,30000,24,31376.45,589,3,3.9,753034.8,1,Is_Churned,11/22/2020,Poor Service,34.9,Monthly,90,20000,0.38,21576.93,942572.12
CUST1733,Enterprise,Lagos,Basic,Wallet,12/28/2023,5000,74,44191.05,616,5,2,3270137.7,0,Not_Churned,,None,21.4,Weekly,94,,-0.15,152810.17,3862476.48
CUST1734,Corporate,Enugu,Basic,Wallet,8/18/2024,20000,21,52831.57,815,0,3.5,1109462.97,1,Is_Churned,9/26/2022,Switched to Competitor,13.6,Monthly,53,50000,-0.19,81578.16,1662172.97
CUST1735,SME,Kano,Standard,Cash,10/28/2022,20000,128,14011.3,754,6,3.9,1793446.4,0,Not_Churned,,None,35.6,Daily,78,0,0.13,50377.71,2182572.8
CUST1736,Enterprise,Kano,Basic,Card,6/26/2020,10000,93,97351.6,485,9,4.8,9053698.8,0,Not_Churned,,None,64.1,Monthly,53,,-0.04,141243.35,9851204.82
CUST1737,Retail,Enugu,Basic,Card,9/7/2024,10000,98,74445.67,615,6,3.1,7295675.66,0,Not_Churned,,None,12.9,Monthly,44,20000,0.08,565556.25,13476510.66
CUST1738,Retail,Kano,Standard,Wallet,12/14/2021,10000,88,39087.47,822,2,4.3,3439697.36,1,Is_Churned,7/18/2022,None,46.2,Monthly,86,,-0.16,74452.32,4224352.38
CUST1739,Enterprise,Kano,Standard,Wallet,6/26/2023,10000,135,38682.75,719,3,3.8,5222171.25,0,Not_Churned,,None,27.6,Weekly,60,10000,0.1,189209.1,6630376.58
CUST1740,SME,Kano,Basic,Wallet,5/2/2020,20000,91,50368.83,517,5,4.8,4583563.53,0,Not_Churned,,None,65.9,Monthly,54,10000,-0.13,69553.32,5005076.44
CUST1741,Corporate,Ibadan,Premium,Cash,5/24/2024,30000,55,66362.03,813,6,3.2,3649911.65,0,Not_Churned,,None,16.5,Weekly,95,50000,0.3,221206.77,5909291.21
CUST1742,Corporate,Abuja,Premium,Card,10/15/2022,30000,86,23173.58,846,3,3,1992927.88,0,Not_Churned,,None,36,Weekly,75,50000,0.26,55359.11,2257102.91
CUST1743,Retail,Enugu,Standard,Wallet,8/31/2023,30000,158,27003.68,769,9,4.7,4266581.44,1,Is_Churned,5/27/2023,Poor Service,25.4,Weekly,72,50000,-0.16,167975.65,4878625.46
CUST1744,SME,Kano,Standard,Wallet,1/17/2022,5000,188,87349.11,814,8,2.1,16421632.68,0,Not_Churned,,None,45.1,Daily,56,20000,0.3,364116.02,17663775.84
CUST1745,Corporate,Ibadan,Premium,Transfer,9/7/2021,10000,196,33062.94,486,8,2.4,6480336.24,0,Not_Churned,,None,49.5,Daily,96,5000,-0.01,130915.88,6918661.98
CUST1746,SME,Enugu,Basic,Cash,4/1/2024,10000,12,44217.55,439,8,2.2,530610.6,0,Not_Churned,,None,18.2,Daily,59,10000,0.01,29154.43,746353.35
CUST1747,SME,Port Harcourt,Premium,Transfer,6/12/2022,20000,169,88414.47,560,9,4.5,14942045.43,1,Is_Churned,5/25/2023,Switched to Competitor,40.2,Weekly,40,5000,-0.09,371692.67,16911207.21
CUST1748,Retail,Port Harcourt,Premium,Card,10/28/2022,20000,125,69683.3,590,5,2,8710412.5,0,Not_Churned,,None,35.6,Daily,55,20000,0.3,244674.51,10964690.84
CUST1749,Corporate,Kano,Premium,Transfer,1/9/2021,5000,159,40754.07,424,1,4.6,6479897.13,0,Not_Churned,,None,57.5,Monthly,84,5000,0.04,112693.86,7481184.62
CUST1750,Enterprise,Ibadan,Premium,Transfer,2/15/2023,5000,177,71532.96,819,1,3.4,12661333.92,0,Not_Churned,,None,31.9,Weekly,57,5000,-0.17,396907.02,15788238.91
CUST1751,Retail,Ibadan,Standard,Transfer,2/26/2023,30000,8,11771.49,551,3,2,94171.92,0,Not_Churned,,None,31.6,Daily,49,50000,0.38,2980.12,112575.79
CUST1752,Corporate,Enugu,Standard,Cash,4/17/2022,20000,90,76207.84,494,8,3.2,6858705.6,0,Not_Churned,,None,42.1,Weekly,62,5000,-0.05,162914.62,8594415.17
CUST1753,Corporate,Enugu,Basic,Card,11/27/2022,10000,132,53831.44,841,2,2.6,7105750.08,0,Not_Churned,,None,34.6,Daily,57,5000,0.36,205368.5,9033610.91
CUST1754,Corporate,Ibadan,Basic,Transfer,10/16/2023,30000,114,83186.39,822,5,3.9,9483248.46,1,Is_Churned,5/3/2024,High Fees,23.8,Monthly,88,5000,-0.02,398455.82,11652336.46
CUST1755,Corporate,Enugu,Basic,Cash,9/6/2022,10000,103,95917.39,445,1,4,9879491.17,1,Is_Churned,3/28/2021,High Fees,37.3,Weekly,97,0,0.3,264865.72,11870009.67
CUST1756,Corporate,Ibadan,Basic,Card,1/8/2022,30000,41,93320.97,537,0,3.5,3826159.77,0,Not_Churned,,None,45.4,Daily,48,10000,0.2,84276.65,4197519.99
CUST1757,SME,Abuja,Premium,Wallet,5/21/2024,10000,75,91833.85,687,4,2.1,6887538.75,0,Not_Churned,,None,16.6,Daily,85,10000,0.32,414911.97,9359993.58
CUST1758,Retail,Ibadan,Standard,Transfer,6/15/2023,5000,37,56095.3,752,7,4,2075526.1,0,Not_Churned,,None,27.9,Monthly,92,5000,0.39,74391.62,2966310.92
CUST1759,SME,Port Harcourt,Standard,Card,5/4/2021,30000,35,42412.79,563,9,,1484447.65,0,Not_Churned,,None,53.7,Monthly,69,50000,0.32,27643.35,1623068.18
CUST1760,Enterprise,Enugu,Basic,Transfer,2/18/2024,10000,187,51853.18,811,9,4.2,9696544.66,0,Not_Churned,,None,19.7,Daily,52,50000,0.04,492210.39,14266580.93
CUST1761,Corporate,Ibadan,Basic,Wallet,12/23/2023,10000,129,72090.64,799,1,4.5,9299692.56,0,Not_Churned,,None,21.6,Daily,91,50000,0.29,430541.32,11515158.18
CUST1762,Retail,Ibadan,Premium,Card,9/22/2020,20000,16,89559.8,415,9,,1432956.8,0,Not_Churned,,None,61.1,Weekly,91,10000,0.23,23452.65,1701330.53
CUST1763,Corporate,Enugu,Premium,Cash,10/1/2021,30000,15,28628.77,417,8,4.7,429431.55,0,Not_Churned,,None,48.7,Weekly,70,20000,-0.16,8817.9,480497.91
CUST1764,Retail,Abuja,Basic,Card,2/15/2023,10000,92,92637.38,,7,3,8522638.96,1,Is_Churned,6/17/2022,Switched to Competitor,31.9,Daily,85,5000,0.36,267167.37,10157757.29
CUST1765,SME,Abuja,Standard,Cash,1/16/2020,20000,76,83366.22,646,2,2,6335832.72,0,Not_Churned,,None,69.5,Monthly,82,10000,0.08,91163.06,7096564.52
CUST1766,Retail,Enugu,Standard,Card,10/31/2022,10000,36,98097.04,647,0,4.5,3531493.44,0,Not_Churned,,None,35.5,Weekly,52,50000,-0.12,99478.69,4356470.86
CUST1767,Enterprise,Lagos,Standard,Cash,6/9/2020,30000,61,89222.66,730,3,4.8,5442582.26,0,Not_Churned,,None,64.6,Daily,71,10000,0.06,84250.5,6134421.08
CUST1768,Enterprise,Enugu,Basic,Wallet,3/12/2022,5000,170,35194.36,597,7,4,5983041.2,0,Not_Churned,,None,43.3,Monthly,56,10000,0.16,138176.47,7110463.32
CUST1769,Retail,Enugu,Standard,Wallet,7/31/2022,30000,192,19536.03,400,2,2.7,3750917.76,0,Not_Churned,,None,38.6,Monthly,42,10000,0.14,97174.04,4315468.22
CUST1770,Retail,Abuja,Premium,Wallet,2/22/2020,30000,90,20101.7,589,9,2.8,1809153,0,Not_Churned,,None,68.2,Daily,40,50000,0.14,26527.17,1992447.57
CUST1771,Retail,Abuja,Premium,Card,9/1/2024,10000,23,36210.1,780,1,3.4,832832.3,1,Is_Churned,10/13/2023,High Fees,13.1,Daily,92,20000,-0.05,63574.98,1363104.85
CUST1772,Retail,Enugu,Basic,Wallet,3/13/2022,10000,120,65276.54,693,6,4.7,7833184.8,1,Is_Churned,1/29/2022,Inactive,43.2,Weekly,44,0,0.18,181323.72,9472610.63
CUST1773,Enterprise,Enugu,Premium,Transfer,3/18/2021,30000,188,82388.83,444,3,2.4,15489100.04,0,Not_Churned,,None,55.2,Daily,71,5000,0.34,280599.64,16970150.24
CUST1774,Corporate,Enugu,Basic,Wallet,6/22/2021,20000,18,90932.53,841,5,4.5,1636785.54,0,Not_Churned,,None,52,Weekly,64,5000,0.03,31476.64,1929935.9
CUST1775,Retail,Abuja,Standard,Cash,2/25/2022,20000,37,66137.8,736,4,2.9,2447098.6,1,Is_Churned,2/2/2022,High Fees,43.8,Monthly,84,10000,0.18,55869.83,3078957.63
CUST1776,Retail,Enugu,Standard,Cash,12/13/2020,20000,14,10506.82,784,1,4.4,147095.48,0,Not_Churned,,None,58.4,Weekly,95,20000,-0.05,2518.76,171833.21
CUST1777,Enterprise,Enugu,Standard,Cash,6/10/2024,10000,84,26768.51,431,9,4.8,2248554.84,0,Not_Churned,,None,15.9,Daily,44,50000,-0.17,141418.54,2780019.13
CUST1778,Enterprise,Kano,Premium,Card,12/15/2020,10000,196,18975.36,791,1,3.3,3719170.56,0,Not_Churned,,None,58.3,Weekly,76,0,0.15,63793.66,4179896.87
CUST1779,SME,Lagos,Basic,Transfer,10/17/2020,30000,68,42699.2,517,8,3.1,2903545.6,0,Not_Churned,,None,60.3,Monthly,62,0,-0.17,48151.67,3236628.84
CUST1780,Retail,Port Harcourt,Standard,Wallet,11/8/2021,5000,194,55121.59,695,9,4.4,10693588.46,1,Is_Churned,9/15/2021,Inactive,47.4,Monthly,51,10000,0.23,225603.13,12053643.56
CUST1781,SME,Lagos,Basic,Transfer,11/17/2023,10000,72,13905.75,583,1,3.6,1001214,0,Not_Churned,,None,22.8,Daily,73,10000,0.2,43912.89,1327130.15
CUST1782,Enterprise,Kano,Standard,Transfer,2/15/2024,30000,96,41363.02,590,7,4.1,3970849.92,0,Not_Churned,,None,19.8,Weekly,62,50000,0.02,200547.98,5366002.93
CUST1783,Enterprise,Port Harcourt,Premium,Cash,9/5/2023,30000,129,26126.17,634,7,3.9,3370275.93,0,Not_Churned,,None,25.2,Daily,55,50000,0.05,133741.11,3778926.52
CUST1784,Corporate,Enugu,Premium,Cash,5/23/2023,5000,175,68236.31,637,0,2.5,11941354.25,0,Not_Churned,,None,28.7,Daily,88,50000,0.35,416075.06,14075402.17
CUST1785,Retail,Kano,Basic,Cash,6/5/2024,20000,84,51784.51,615,0,4.5,4349898.84,1,Is_Churned,3/17/2023,Switched to Competitor,16.1,Monthly,44,10000,-0.19,270180.05,5680275.99
CUST1786,SME,Enugu,Premium,Card,5/8/2022,30000,63,54578.59,473,3,2.6,3438451.17,0,Not_Churned,,None,41.4,Weekly,83,20000,0.14,83054.38,3948682.28
CUST1787,Enterprise,Abuja,Premium,Transfer,8/15/2021,30000,184,48492.26,510,1,4.8,8922575.84,0,Not_Churned,,None,50.2,Daily,86,10000,0.35,177740.55,9734869.6
CUST1788,Enterprise,Ibadan,Basic,Transfer,7/4/2022,30000,101,96041.77,502,0,2.8,9700218.77,1,Is_Churned,7/3/2020,Inactive,39.5,Monthly,67,10000,0.35,245575.16,10586797.45
CUST1789,SME,Kano,Standard,Card,6/8/2023,20000,23,29326.16,758,8,4.2,674501.68,0,Not_Churned,,None,28.2,Daily,45,0,0.15,23918.5,788581.36
CUST1790,Corporate,Abuja,Premium,Card,11/22/2021,20000,153,56499.78,473,2,2.9,8644466.34,0,Not_Churned,,None,46.9,Weekly,52,50000,0.03,184316.98,10614387.46
CUST1791,Enterprise,Kano,Basic,Card,1/26/2020,5000,26,76241.56,819,0,3,1982280.56,0,Not_Churned,,None,69.1,Daily,82,5000,-0.14,28687.13,2274125.01
CUST1792,Retail,Kano,Premium,Transfer,9/4/2023,10000,13,60116,651,1,2.9,781508,0,Not_Churned,,None,25.2,Weekly,69,50000,-0.1,31012.22,997938.06
CUST1793,Enterprise,Abuja,Premium,Transfer,12/14/2020,20000,13,93611.88,513,7,4.2,1216954.44,0,Not_Churned,,None,58.4,Monthly,65,20000,0.21,20838.26,1444098.41
CUST1794,Retail,Port Harcourt,Premium,Cash,8/4/2021,10000,31,44017.15,,4,3.7,1364531.65,0,Not_Churned,,None,50.6,Monthly,56,20000,-0.19,26967.03,1501901.51
CUST1795,SME,Lagos,Premium,Cash,1/8/2022,10000,21,51730.82,712,6,4.6,1086347.22,0,Not_Churned,,None,45.4,Daily,48,50000,0.33,23928.35,1283944.59
CUST1796,Retail,Enugu,Basic,Transfer,5/10/2024,20000,176,17967.01,,5,2.9,3162193.76,1,Is_Churned,1/26/2024,High Fees,16.9,Monthly,96,,0.15,187112.06,3964216.7
CUST1797,SME,Kano,Basic,Cash,9/1/2022,30000,49,64809.92,738,0,4.1,3175686.08,0,Not_Churned,,None,37.5,Daily,55,10000,-0.17,84684.96,4064929.42
CUST1798,Retail,Enugu,Basic,Card,4/18/2022,5000,12,35939.08,637,5,4.3,431268.96,0,Not_Churned,,None,42,Daily,88,5000,-0.06,10268.31,474141.62
CUST1799,SME,Ibadan,Premium,Wallet,1/22/2021,10000,150,24427.81,572,6,2.5,3664171.5,0,Not_Churned,,None,57.1,Weekly,91,,0.16,64171.13,3875085.43
CUST1800,Retail,Abuja,Premium,Cash,2/26/2021,30000,129,59007.82,478,3,3.2,7612008.78,1,Is_Churned,7/24/2021,Poor Service,55.9,Daily,95,0,-0.18,136171.89,8355643.08
CUST1801,Corporate,Enugu,Premium,Transfer,11/27/2023,20000,127,57907.92,785,7,3.4,7354305.84,0,Not_Churned,,None,22.4,Weekly,57,,0.27,328317.23,11001390.26
CUST1802,Retail,Abuja,Basic,Cash,3/15/2021,10000,37,16828.45,492,7,3.1,622652.65,1,Is_Churned,6/1/2021,Inactive,55.3,Daily,52,,0.35,11259.54,669549.83
CUST1803,Retail,Enugu,Premium,Cash,3/6/2024,10000,5,72839.39,,6,3,364196.95,0,Not_Churned,,None,19.1,Weekly,68,20000,0.38,19067.9,478147.28
CUST1804,Corporate,Lagos,Standard,Cash,2/26/2024,10000,10,66139.5,684,1,4.1,661395,1,Is_Churned,4/22/2022,High Fees,19.4,Monthly,82,5000,0.24,34092.53,860759.16
CUST1805,Enterprise,Lagos,Premium,Wallet,4/5/2023,30000,45,27011.56,622,5,2.6,1215520.2,0,Not_Churned,,None,30.3,Daily,84,20000,0.31,40116.18,1625299.67
CUST1806,Enterprise,Lagos,Standard,Card,12/5/2020,30000,187,52249.14,480,5,4.1,9770589.18,0,Not_Churned,,None,58.7,Weekly,63,0,0.17,166449.56,10901402.31
CUST1807,Retail,Lagos,Premium,Transfer,4/26/2022,30000,9,74829.06,665,6,4.8,673461.54,0,Not_Churned,,None,41.8,Daily,97,,0.08,16111.52,810475.57
CUST1808,Corporate,Lagos,Basic,Wallet,7/13/2020,10000,191,57649.22,554,5,3.7,11011001.02,1,Is_Churned,7/30/2020,Poor Service,63.5,Weekly,84,0,0.23,173401.59,12162291.64
CUST1809,Retail,Lagos,Premium,Transfer,6/28/2023,10000,84,45594.02,772,1,3.8,3829897.68,0,Not_Churned,,None,27.5,Weekly,83,50000,-0.07,139269.01,4938912.66
CUST1810,SME,Abuja,Standard,Transfer,4/27/2022,5000,22,39010.46,632,7,2.2,858230.12,0,Not_Churned,,None,41.7,Daily,85,50000,-0.13,20581.06,931539.25
CUST1811,SME,Kano,Standard,Transfer,2/15/2022,5000,181,64935.45,798,3,4.6,11753316.45,0,Not_Churned,,None,44.1,Daily,52,5000,0.26,266515.11,13450022.15
CUST1812,Retail,Enugu,Premium,Wallet,7/14/2020,30000,86,94519.78,715,8,2.9,8128701.08,1,Is_Churned,9/27/2020,Switched to Competitor,63.5,Monthly,64,10000,0.37,128011.04,9497901.05
CUST1813,Enterprise,Lagos,Standard,Card,4/11/2023,30000,69,70457.04,635,7,3.8,4861535.76,1,Is_Churned,5/23/2021,Switched to Competitor,30.1,Monthly,80,20000,0.15,161512.82,6350620.78
CUST1814,Enterprise,Abuja,Standard,Transfer,2/23/2022,20000,87,16727.13,558,2,4.9,1455260.31,0,Not_Churned,,None,43.8,Monthly,85,5000,0.09,33225.12,1848528.11
CUST1815,Retail,Abuja,Basic,Card,2/16/2023,30000,186,51461.65,804,2,3.8,9571866.9,0,Not_Churned,,None,31.9,Daily,40,20000,0.12,300058.52,12599840.08
CUST1816,Retail,Abuja,Premium,Card,5/5/2020,5000,193,90174.17,715,7,4.2,17403614.81,0,Not_Churned,,None,65.8,Monthly,48,0,0.09,264492.63,19271881.87
CUST1817,SME,Kano,Premium,Cash,10/25/2020,5000,140,18501.62,650,1,3.3,2590226.8,1,Is_Churned,3/11/2021,None,60,Weekly,43,10000,0.07,43170.45,2982496.34
CUST1818,Enterprise,Enugu,Premium,Wallet,10/26/2020,5000,135,98998.81,713,8,,13364839.35,1,Is_Churned,1/19/2020,Switched to Competitor,60,Daily,67,20000,0.37,222747.32,15588575.39
CUST1819,Retail,Kano,Standard,Wallet,2/3/2022,10000,29,95416.25,824,3,4.4,2767071.25,0,Not_Churned,,None,44.5,Weekly,51,50000,0.09,62181.38,3104539.27
CUST1820,SME,Port Harcourt,Premium,Cash,9/26/2023,10000,73,17044.7,829,5,2.1,1244263.1,0,Not_Churned,,None,24.5,Weekly,63,50000,-0.15,50786.25,1424054.63
CUST1821,Enterprise,Abuja,Premium,Cash,8/21/2024,30000,187,94007.2,700,2,4.1,17579346.4,1,Is_Churned,3/17/2021,None,13.5,Weekly,85,0,0.26,1302173.81,26242221.01
CUST1822,Corporate,Port Harcourt,Basic,Card,3/17/2023,20000,172,42681.93,779,2,2.1,7341291.96,1,Is_Churned,3/22/2025,Switched to Competitor,30.9,Daily,48,5000,0.03,237582.26,8363384.61
CUST1823,SME,Ibadan,Basic,Transfer,1/1/2024,20000,86,86023.83,681,2,4.6,7398049.38,0,Not_Churned,,None,21.3,Daily,74,20000,0.23,347326.26,9306666.21
CUST1824,Enterprise,Lagos,Basic,Wallet,3/26/2020,20000,182,47654.5,501,9,2.5,8673119,0,Not_Churned,,None,67.1,Monthly,77,0,0.15,129256.62,10162363.5
CUST1825,Enterprise,Lagos,Standard,Transfer,7/25/2023,10000,121,49676.96,450,1,3.5,6010912.16,0,Not_Churned,,None,26.6,Monthly,74,50000,0.23,225974.14,8411603.39
CUST1826,SME,Kano,Premium,Transfer,2/20/2024,5000,99,67081.88,819,7,3.8,6641106.12,0,Not_Churned,,None,19.6,Monthly,72,50000,-0.16,338831.94,9464312.88
CUST1827,Corporate,Enugu,Basic,Cash,9/26/2020,5000,37,79702.97,451,8,3.4,2949009.89,0,Not_Churned,,None,61,Monthly,97,50000,-0.18,48344.42,3268629.58
CUST1828,SME,Port Harcourt,Basic,Transfer,8/16/2022,10000,115,13041.02,608,7,3,1499717.3,0,Not_Churned,,None,38,Weekly,93,10000,0.03,39466.24,1712004.97
CUST1829,Enterprise,Enugu,Basic,Card,2/26/2024,20000,150,63384.04,706,9,3.4,9507606,0,Not_Churned,,None,19.4,Daily,92,10000,0.22,490082.78,13498411.03
CUST1830,Retail,Kano,Premium,Cash,6/7/2021,20000,129,26805.97,530,2,2.9,3457970.13,0,Not_Churned,,None,52.5,Monthly,74,50000,-0.07,65866.1,3971623.23
CUST1831,Retail,Lagos,Premium,Transfer,12/26/2020,30000,189,41135.46,,6,3.3,7774601.94,0,Not_Churned,,None,58,Weekly,85,5000,0.06,134044.86,9118673.35
CUST1832,SME,Enugu,Premium,Cash,10/29/2022,30000,20,41317.18,832,9,3.1,826343.6,0,Not_Churned,,None,35.6,Daily,59,10000,0.39,23211.9,1089849.35
CUST1833,Enterprise,Enugu,Standard,Card,11/6/2020,20000,84,52215.43,,1,3.7,4386096.12,1,Is_Churned,4/16/2020,Switched to Competitor,59.6,Daily,41,20000,-0.07,73592.22,4824738.01
CUST1834,Retail,Lagos,Standard,Card,9/25/2024,10000,42,40072.28,618,3,2.7,1683035.76,0,Not_Churned,,None,12.3,Daily,83,10000,0.31,136832.18,2347585.1
CUST1835,Enterprise,Port Harcourt,Basic,Transfer,5/11/2024,20000,173,19662.5,656,5,5,3401612.5,0,Not_Churned,,None,16.9,Weekly,65,20000,0.3,201278.85,4735124.51
CUST1836,SME,Lagos,Premium,Cash,1/28/2021,30000,139,23106.59,584,4,3.5,3211816.01,0,Not_Churned,,None,56.9,Monthly,81,10000,0.33,56446.68,3603435.92
CUST1837,Retail,Enugu,Basic,Transfer,7/11/2022,20000,82,13009.42,544,8,2.6,1066772.44,1,Is_Churned,7/12/2022,Switched to Competitor,39.2,Daily,52,50000,0.35,27213.58,1158178.2
CUST1838,Enterprise,Port Harcourt,Premium,Transfer,7/2/2020,10000,185,52322.42,577,9,3.4,9679647.7,1,Is_Churned,5/30/2023,None,63.9,Weekly,69,20000,0.1,151481.18,11308868.21
CUST1839,Retail,Port Harcourt,Premium,Cash,2/22/2022,5000,67,95900.29,413,3,4.6,6425319.43,0,Not_Churned,,None,43.9,Daily,91,5000,0.21,146362.63,8175864.96
CUST1840,SME,Lagos,Premium,Transfer,12/1/2022,10000,116,20410.77,645,4,2.1,2367649.32,1,Is_Churned,10/1/2024,None,34.5,Weekly,71,10000,0.17,68627.52,3143749.71
CUST1841,Enterprise,Enugu,Standard,Card,1/22/2023,10000,93,95163.8,586,3,4,8850233.4,0,Not_Churned,,None,32.7,Monthly,75,10000,-0.01,270649.34,11758627.12
CUST1842,Retail,Kano,Standard,Cash,3/5/2023,30000,164,76002.54,736,7,3.6,12464416.56,1,Is_Churned,8/7/2024,Inactive,31.3,Monthly,58,50000,-0.03,398224.17,17216585.92
CUST1843,SME,Enugu,Premium,Cash,4/10/2024,10000,42,67374.89,658,7,2.5,2829745.38,0,Not_Churned,,None,17.9,Daily,61,20000,0,158086.33,4595613.23
CUST1844,Retail,Abuja,Basic,Cash,9/12/2022,10000,154,68075,753,2,4.5,10483550,0,Not_Churned,,None,37.1,Monthly,40,50000,-0.07,282575.47,13081918.58
CUST1845,Retail,Ibadan,Premium,Cash,8/7/2024,30000,148,84405.49,439,0,3.1,12492012.52,0,Not_Churned,,None,14,Monthly,96,20000,0.25,892286.61,16508024.89
CUST1846,Corporate,Kano,Premium,Transfer,5/17/2021,30000,56,19622.79,488,5,2.9,1098876.24,0,Not_Churned,,None,53.2,Weekly,50,10000,0.38,20655.57,1189908.54
CUST1847,Corporate,Port Harcourt,Basic,Transfer,2/14/2024,5000,33,55427.89,524,1,4.5,1829120.37,0,Not_Churned,,None,19.8,Weekly,65,10000,0.32,92379.82,2146816.27
CUST1848,SME,Kano,Premium,Card,2/26/2021,20000,148,72738.2,849,1,3.9,10765253.6,1,Is_Churned,9/29/2024,High Fees,55.9,Daily,87,10000,-0.07,192580.57,12056791.18
CUST1849,Corporate,Port Harcourt,Basic,Wallet,5/13/2020,10000,80,62813.84,817,2,4.7,5025107.2,1,Is_Churned,4/14/2024,High Fees,65.5,Weekly,58,10000,-0.17,76719.19,5813735.47
CUST1850,SME,Port Harcourt,Standard,Wallet,3/4/2021,30000,149,84950.12,750,7,3.9,12657567.88,0,Not_Churned,,None,55.7,Monthly,58,0,0.25,227245.38,14342061.2
CUST1851,Corporate,Kano,Standard,Card,11/28/2020,5000,68,16504.45,408,2,4.2,1122302.6,0,Not_Churned,,None,58.9,Weekly,51,10000,0.03,19054.37,1242285.77
CUST1852,Retail,Port Harcourt,Basic,Wallet,5/3/2022,20000,95,72163.09,749,6,4.5,6855493.55,0,Not_Churned,,None,41.5,Monthly,42,10000,0.29,165192.62,7513476.22
CUST1853,SME,Port Harcourt,Standard,Card,2/21/2023,30000,93,58062.5,483,9,2.2,5399812.5,0,Not_Churned,,None,31.7,Daily,94,20000,0.27,170341.09,5990177.26
CUST1854,SME,Abuja,Standard,Transfer,5/30/2024,20000,17,44124.48,420,9,4.3,750116.16,0,Not_Churned,,None,16.3,Monthly,95,10000,0.18,46019.4,1053504.28
CUST1855,Retail,Enugu,Basic,Cash,10/5/2023,20000,76,40624.75,680,8,3.8,3087481,0,Not_Churned,,None,24.2,Weekly,57,10000,-0.05,127581.86,3584964.58
CUST1856,SME,Enugu,Standard,Cash,11/24/2022,10000,188,65874.94,757,7,2.2,12384488.72,0,Not_Churned,,None,34.7,Weekly,88,20000,-0.14,356901.69,13787802.37
CUST1857,SME,Ibadan,Premium,Transfer,9/29/2021,10000,9,90189.58,777,0,3.5,811706.22,0,Not_Churned,,None,48.7,Weekly,44,10000,-0.05,16667.48,921013.87
CUST1858,Corporate,Ibadan,Premium,Cash,7/5/2024,30000,16,54655.83,571,6,2.2,874493.28,0,Not_Churned,,None,15.1,Weekly,87,10000,0.11,57913.46,1310326.27
CUST1859,SME,Abuja,Basic,Cash,3/20/2021,20000,173,84225.08,424,6,4.2,14570938.84,0,Not_Churned,,None,55.2,Daily,63,50000,0.39,263966.28,15806339.38
CUST1860,Enterprise,Ibadan,Standard,Wallet,11/5/2021,30000,7,46194.07,792,7,3.6,323358.49,0,Not_Churned,,None,47.5,Monthly,53,0,-0.16,6807.55,385727.5
CUST1861,Retail,Kano,Premium,Transfer,4/8/2021,30000,37,19215.5,502,9,4.9,710973.5,0,Not_Churned,,None,54.5,Weekly,90,20000,-0.08,13045.39,799267.93
CUST1862,Corporate,Lagos,Premium,Wallet,10/21/2020,20000,125,15535.52,589,4,2.5,1941940,1,Is_Churned,4/1/2025,High Fees,60.2,Monthly,77,50000,0.18,32258.14,2065401.7
CUST1863,Corporate,Lagos,Standard,Wallet,3/6/2020,30000,54,14620.09,635,9,3.8,789484.86,0,Not_Churned,,None,67.8,Daily,42,5000,-0.02,11644.32,891178.32
CUST1864,Enterprise,Lagos,Standard,Cash,8/28/2024,20000,188,44213.51,809,8,2.6,8312139.88,0,Not_Churned,,None,13.3,Monthly,45,5000,0.32,624972.92,12194786.21
CUST1865,Retail,Abuja,Premium,Cash,1/28/2022,20000,141,40351.4,712,8,3.8,5689547.4,0,Not_Churned,,None,44.7,Weekly,51,0,-0.12,127282.94,6131332.92
CUST1866,Retail,Abuja,Premium,Transfer,8/24/2023,20000,182,74614.33,436,7,4.2,13579808.06,0,Not_Churned,,None,25.6,Monthly,91,5000,0.38,530461.25,19696999.19
CUST1867,Corporate,Port Harcourt,Basic,Cash,1/8/2024,20000,33,76853.94,671,5,4.2,2536180.02,0,Not_Churned,,None,21,Weekly,50,0,0.35,120770.48,3519345.1
CUST1868,SME,Lagos,Basic,Cash,11/17/2023,5000,43,14576.86,692,5,4.4,626804.98,0,Not_Churned,,None,22.8,Weekly,78,,0.33,27491.45,827478.44
CUST1869,Corporate,Kano,Premium,Transfer,9/29/2021,20000,95,29901.09,731,0,4.6,2840603.55,0,Not_Churned,,None,48.7,Daily,98,5000,-0.1,58328.61,3466599.75
CUST1870,Retail,Ibadan,Basic,Cash,1/3/2020,10000,104,34683.57,551,5,2.2,3607091.28,1,Is_Churned,2/28/2021,Switched to Competitor,69.9,Daily,65,50000,0,51603.59,4196954.23
CUST1871,Enterprise,Kano,Premium,Wallet,7/10/2023,10000,177,59285.08,681,3,3,10493459.16,0,Not_Churned,,None,27.1,Monthly,40,5000,0.28,387212.52,12422899.32
CUST1872,Corporate,Ibadan,Premium,Transfer,10/20/2022,10000,21,23006.37,419,3,4.1,483133.77,0,Not_Churned,,None,35.9,Monthly,55,0,0.28,13457.77,621631.9
CUST1873,Retail,Lagos,Basic,Cash,3/5/2024,20000,60,22054.71,536,1,3.5,1323282.6,0,Not_Churned,,None,19.1,Weekly,87,,0.22,69281.81,2049336.5
CUST1874,Corporate,Lagos,Basic,Card,6/21/2024,10000,50,94941,758,3,2.6,4747050,1,Is_Churned,1/15/2025,High Fees,15.5,Weekly,88,10000,0.07,306261.29,5815787.1
CUST1875,SME,Lagos,Standard,Transfer,12/11/2020,5000,71,82378.26,428,4,3.7,5848856.46,0,Not_Churned,,None,58.5,Weekly,86,10000,-0.01,99980.45,6789422.11
CUST1876,Corporate,Abuja,Standard,Transfer,5/27/2024,30000,146,26258.94,430,4,3.2,3833805.24,0,Not_Churned,,None,16.4,Weekly,92,0,0.38,233768.61,4667590.26
CUST1877,Corporate,Ibadan,Standard,Card,12/17/2021,20000,71,46591.1,418,4,3.2,3307968.1,0,Not_Churned,,None,46.1,Daily,48,0,-0.12,71756.36,3907281.56
CUST1878,Retail,Abuja,Premium,Cash,2/24/2024,10000,27,42005.98,547,3,4.4,1134161.46,0,Not_Churned,,None,19.5,Weekly,44,10000,-0.17,58162.13,1658966.05
CUST1879,Retail,Abuja,Basic,Cash,12/18/2022,5000,98,81190.37,682,0,3.2,7956656.26,1,Is_Churned,10/25/2021,None,33.9,Daily,91,,-0.19,234709.62,9436154.83
CUST1880,Retail,Enugu,Premium,Transfer,10/12/2023,30000,193,55919.16,749,9,2.1,10792397.88,0,Not_Churned,,None,24,Monthly,47,10000,0.27,449683.25,15706126.21
CUST1881,Corporate,Kano,Basic,Transfer,12/4/2023,5000,155,21506.48,740,7,2.2,3333504.4,0,Not_Churned,,None,22.2,Monthly,60,20000,-0.17,150157.86,4865806.2
CUST1882,SME,Kano,Premium,Cash,4/14/2021,10000,159,76509.29,699,2,4.6,12164977.11,1,Is_Churned,4/18/2024,Inactive,54.3,Daily,72,0,0.12,224032.73,14704082.97
CUST1883,Enterprise,Port Harcourt,Standard,Cash,5/18/2021,5000,58,45719.92,562,1,,2651755.36,0,Not_Churned,,None,53.2,Weekly,78,20000,0.02,49845.03,2942551.79
CUST1884,Enterprise,Abuja,Standard,Wallet,3/25/2022,30000,142,33663.18,512,8,4.1,4780171.56,0,Not_Churned,,None,42.8,Monthly,82,20000,-0.11,111686.25,5136869.48
CUST1885,Retail,Ibadan,Standard,Transfer,9/21/2024,10000,81,43794.88,549,6,3.1,3547385.28,0,Not_Churned,,None,12.5,Daily,59,0,0.24,283790.82,6471325.04
CUST1886,Retail,Enugu,Premium,Transfer,3/6/2024,30000,20,54798.09,729,8,4.8,1095961.8,0,Not_Churned,,None,19.1,Monthly,97,10000,-0.17,57380.2,1383252.79
CUST1887,Corporate,Enugu,Basic,Card,7/11/2022,5000,45,40880.4,654,1,4,1839618,1,Is_Churned,7/31/2025,Poor Service,39.2,Weekly,92,50000,-0.01,46929.03,2177713.68
CUST1888,Enterprise,Kano,Basic,Wallet,3/22/2024,20000,102,31771.52,486,8,,3240695.04,0,Not_Churned,,None,18.6,Daily,84,20000,0.14,174230.92,5045011.45
CUST1889,Retail,Abuja,Standard,Cash,10/18/2020,20000,187,45865.18,798,9,,8576788.66,0,Not_Churned,,None,60.3,Monthly,61,10000,0.04,142235.3,9280172.96
CUST1890,SME,Port Harcourt,Standard,Wallet,4/28/2022,20000,132,11725.56,749,8,3.1,1547773.92,1,Is_Churned,9/7/2025,Inactive,41.7,Weekly,52,50000,-0.04,37116.88,1763318.26
CUST1891,SME,Abuja,Standard,Cash,10/28/2022,20000,65,79524.81,497,8,3.4,5169112.65,0,Not_Churned,,None,35.6,Daily,78,20000,0.36,145199.79,6178500.79
CUST1892,Retail,Lagos,Standard,Cash,8/13/2022,30000,90,25385.04,796,9,2.6,2284653.6,0,Not_Churned,,None,38.1,Daily,50,10000,0.36,59964.66,2611246.49
CUST1893,Retail,Abuja,Basic,Wallet,9/4/2024,20000,122,13951.42,531,9,2.9,1702073.24,0,Not_Churned,,None,13,Daily,57,20000,0.05,130928.71,2638461.33
CUST1894,Enterprise,Lagos,Premium,Transfer,2/26/2022,30000,104,68832.88,711,3,4.3,7158619.52,1,Is_Churned,12/12/2022,High Fees,43.7,Daily,69,10000,0.04,163812.8,7664206.24
CUST1895,Enterprise,Lagos,Premium,Cash,11/2/2023,10000,53,79654.25,806,9,4.7,4221675.25,1,Is_Churned,6/28/2023,High Fees,23.3,Monthly,72,5000,-0.02,181187.78,5111251.42
CUST1896,Corporate,Port Harcourt,Premium,Wallet,5/14/2022,20000,184,83244.62,,2,4.2,15317010.08,0,Not_Churned,,None,41.2,Daily,83,5000,0.31,371772.09,19218007.3
CUST1897,Enterprise,Ibadan,Premium,Card,7/13/2020,30000,6,54415.83,497,5,3.4,326494.98,0,Not_Churned,,None,63.5,Daily,42,0,0.14,5141.65,361053.54
CUST1898,SME,Kano,Standard,Wallet,2/19/2022,20000,124,28483.14,689,2,2.3,3531909.36,1,Is_Churned,12/19/2020,None,44,Daily,97,50000,-0.15,80270.67,4232483.95
CUST1899,SME,Abuja,Standard,Card,7/19/2020,20000,182,76350.49,755,8,2.2,13895789.18,0,Not_Churned,,None,63.3,Daily,99,20000,0.31,219522.74,15013290
CUST1900,Retail,Lagos,Standard,Cash,8/30/2021,20000,127,72974.18,626,2,3.1,9267720.86,1,Is_Churned,3/20/2023,Inactive,49.7,Daily,40,20000,0.12,186473.26,10917805.74
CUST1901,Enterprise,Abuja,Premium,Wallet,1/21/2024,30000,90,32164.37,,1,3.4,2894793.3,0,Not_Churned,,None,20.6,Weekly,75,10000,0.05,140523.95,4581047.72
CUST1902,Corporate,Ibadan,Standard,Wallet,6/22/2021,5000,175,91306.7,555,7,3.8,15978672.5,0,Not_Churned,,None,52,Monthly,45,50000,0,307282.16,18546810.24
CUST1903,SME,Kano,Standard,Card,6/14/2020,20000,81,19393.43,669,5,2,1570867.83,0,Not_Churned,,None,64.5,Weekly,76,20000,-0.14,24354.54,1781661.9
CUST1904,SME,Ibadan,Basic,Wallet,10/17/2022,20000,140,98441.94,561,7,5,13781871.6,0,Not_Churned,,None,36,Monthly,68,50000,0.37,382829.77,15314599.01
CUST1905,Corporate,Kano,Basic,Wallet,5/9/2020,10000,63,87422.3,511,6,3.1,5507604.9,0,Not_Churned,,None,65.7,Daily,50,50000,0.24,83829.6,6063431.29
CUST1906,Corporate,Enugu,Standard,Cash,5/9/2021,5000,197,71910.88,730,2,4.5,14166443.36,1,Is_Churned,1/6/2022,None,53.5,Monthly,91,5000,-0.12,264793.33,17012051.05
CUST1907,SME,Kano,Basic,Wallet,6/16/2024,30000,16,94487.49,584,7,3.6,1511799.84,0,Not_Churned,,None,15.7,Daily,94,20000,0.11,96292.98,2523689.54
CUST1908,SME,Port Harcourt,Basic,Transfer,9/15/2024,10000,8,75008.01,604,9,2.4,600064.08,1,Is_Churned,4/25/2023,None,12.7,Daily,52,,0.13,47249.14,963957.68
CUST1909,Corporate,Ibadan,Standard,Card,8/6/2022,20000,121,27141.13,496,0,4.4,3284076.73,0,Not_Churned,,None,38.4,Weekly,50,,-0.1,85522.83,4236038.76
CUST1910,SME,Lagos,Standard,Wallet,3/9/2023,10000,99,49794.05,776,0,4.1,4929610.95,1,Is_Churned,7/17/2023,Poor Service,31.2,Weekly,98,50000,0.06,158000.35,5606868.86
CUST1911,Retail,Enugu,Standard,Card,6/20/2023,10000,129,16435.27,454,9,3.6,2120149.83,1,Is_Churned,6/17/2020,None,27.8,Weekly,77,10000,0.19,76264.38,2800710.57
CUST1912,Retail,Port Harcourt,Standard,Card,8/19/2022,20000,45,45069.17,849,7,3.5,2028112.65,0,Not_Churned,,None,37.9,Monthly,90,5000,-0.03,53512.21,2308514.18
CUST1913,Corporate,Abuja,Premium,Card,7/30/2021,5000,127,76744.27,,8,2.3,9746522.29,0,Not_Churned,,None,50.8,Monthly,64,0,0,191860.68,11436825.24
CUST1914,Enterprise,Ibadan,Premium,Wallet,6/17/2022,5000,11,44779.9,492,9,4,492578.9,0,Not_Churned,,None,40,Weekly,54,5000,-0.13,12314.47,539208.74
CUST1915,Corporate,Lagos,Standard,Wallet,11/2/2021,10000,73,39726.48,692,5,4.7,2900033.04,0,Not_Churned,,None,47.6,Weekly,92,10000,0.05,60925.06,3600213
CUST1916,Corporate,Kano,Basic,Card,7/25/2020,20000,73,63582.02,603,4,2.3,4641487.46,0,Not_Churned,,None,63.1,Daily,52,0,0.15,73557.65,5382727.3
CUST1917,Enterprise,Lagos,Standard,Transfer,11/30/2023,30000,85,88498.41,681,1,2.8,7522364.85,1,Is_Churned,6/11/2020,None,22.3,Monthly,81,5000,-0.13,337325.78,9144447.88
CUST1918,Enterprise,Abuja,Standard,Card,5/23/2024,10000,34,14282.49,588,8,4.7,485604.66,1,Is_Churned,3/2/2021,Poor Service,16.5,Daily,72,10000,0.17,29430.59,742695.33
CUST1919,Enterprise,Enugu,Basic,Transfer,5/17/2021,30000,77,44692.34,722,5,2.9,3441310.18,0,Not_Churned,,None,53.2,Monthly,52,0,0.04,64686.28,4077325.7
CUST1920,Retail,Enugu,Premium,Card,3/20/2021,10000,10,24241.67,483,7,4,242416.7,0,Not_Churned,,None,55.2,Weekly,77,10000,0.21,4391.61,263869.94
CUST1921,SME,Ibadan,Standard,Cash,8/24/2024,10000,93,72581.88,579,8,3.6,6750114.84,0,Not_Churned,,None,13.4,Monthly,92,0,-0.01,503739.91,8684462.33
CUST1922,Retail,Enugu,Standard,Card,7/16/2021,20000,151,19515.21,673,8,3.8,2946796.71,0,Not_Churned,,None,51.2,Monthly,97,20000,0.14,57554.62,3301679.36
CUST1923,SME,Ibadan,Premium,Card,9/19/2023,20000,70,69832.7,580,7,3.2,4888289,0,Not_Churned,,None,24.7,Daily,63,20000,0.17,197906.44,5723808.31
CUST1924,Retail,Ibadan,Premium,Wallet,4/25/2021,30000,14,35756.28,846,9,2.9,500587.92,1,Is_Churned,6/21/2022,Switched to Competitor,54,Weekly,59,5000,0.21,9270.15,575596.64
CUST1925,SME,Ibadan,Basic,Transfer,11/17/2020,30000,148,27902.51,580,7,2.1,4129571.48,0,Not_Churned,,None,59.3,Weekly,83,50000,0.25,69638.64,4604300.34
CUST1926,Retail,Kano,Premium,Cash,11/7/2021,5000,41,94271.73,682,2,4.2,3865140.93,0,Not_Churned,,None,47.4,Weekly,56,50000,-0.12,81543.06,4449137.68
CUST1927,Enterprise,Port Harcourt,Premium,Transfer,10/21/2022,20000,81,11667.21,686,2,4.2,945044.01,1,Is_Churned,9/6/2020,Switched to Competitor,35.8,Daily,98,10000,0.38,26397.88,1153211.75
CUST1928,Corporate,Ibadan,Premium,Cash,12/9/2022,10000,81,49399.95,505,1,4,4001395.95,0,Not_Churned,,None,34.2,Daily,89,0,0.31,116999.88,5386495.39
CUST1929,Retail,Ibadan,Basic,Card,2/24/2021,10000,36,11946.43,528,0,3.9,430071.48,1,Is_Churned,3/17/2025,Poor Service,56,Daily,63,20000,0.14,7679.85,507897.06
CUST1930,SME,Port Harcourt,Premium,Wallet,1/15/2023,5000,51,53523.37,661,3,2.7,2729691.87,0,Not_Churned,,None,33,Monthly,65,50000,0.33,82717.94,3446463.11
CUST1931,Enterprise,Lagos,Premium,Wallet,8/4/2023,20000,114,55094.26,410,1,2.1,6280745.64,0,Not_Churned,,None,26.3,Monthly,79,20000,0.03,238811.62,7778894.61
CUST1932,Retail,Ibadan,Basic,Transfer,5/19/2024,10000,175,38949.62,561,1,4.4,6816183.5,1,Is_Churned,8/29/2022,None,16.6,Daily,71,10000,-0.18,410613.46,8148059.18
CUST1933,Retail,Kano,Premium,Wallet,8/31/2022,5000,124,21894.56,846,4,3.5,2714925.44,0,Not_Churned,,None,37.5,Daily,68,10000,0.24,72398.01,3008046.71
CUST1934,Enterprise,Enugu,Premium,Transfer,1/25/2022,5000,168,43874.88,580,3,2.9,7370979.84,1,Is_Churned,1/9/2024,High Fees,44.8,Weekly,53,0,0.37,164530.8,8946823.8
CUST1935,Retail,Enugu,Basic,Transfer,4/9/2022,10000,158,70503.66,612,0,2.3,11139578.28,1,Is_Churned,10/1/2023,Inactive,42.3,Monthly,76,50000,-0.1,263347,12804677.82
CUST1936,Corporate,Abuja,Standard,Cash,2/17/2023,10000,14,80415.62,673,8,2.2,1125818.68,0,Not_Churned,,None,31.9,Monthly,61,10000,0.19,35292.12,1337922.04
CUST1937,Retail,Abuja,Basic,Transfer,11/17/2022,30000,163,57767.55,420,3,3,9416110.65,0,Not_Churned,,None,34.9,Weekly,73,10000,0.29,269802.6,12384156.59
CUST1938,Corporate,Enugu,Premium,Cash,12/25/2023,20000,101,63085.1,674,4,4.4,6371595.1,0,Not_Churned,,None,21.5,Weekly,66,,0.34,296353.26,8552926.97
CUST1939,Corporate,Enugu,Premium,Wallet,8/20/2021,30000,161,28055.47,659,6,4.8,4516930.67,1,Is_Churned,8/27/2025,High Fees,50.1,Weekly,67,5000,-0.03,90158.3,5517344.77
CUST1940,Enterprise,Kano,Premium,Transfer,2/7/2023,5000,9,35859.73,732,1,4.7,322737.57,0,Not_Churned,,None,32.2,Daily,96,50000,-0.12,10022.91,432786.71
CUST1941,Retail,Port Harcourt,Basic,Transfer,12/13/2023,10000,81,24570.6,515,7,4.8,1990218.6,0,Not_Churned,,None,21.9,Daily,61,0,-0.05,90877.56,2328431.37
CUST1942,Enterprise,Abuja,Premium,Card,12/10/2020,30000,5,32436.58,812,1,4.7,162182.9,0,Not_Churned,,None,58.5,Daily,99,0,0.15,2772.36,194088.12
CUST1943,Retail,Port Harcourt,Premium,Transfer,11/18/2020,5000,135,30239.81,424,9,3.6,4082374.35,0,Not_Churned,,None,59.2,Daily,96,20000,0.35,68959.03,4337012.27
CUST1944,Retail,Kano,Basic,Transfer,6/19/2024,20000,71,56750.39,839,4,2.7,4029277.69,1,Is_Churned,3/4/2023,High Fees,15.6,Daily,82,0,0.15,258287.03,7043888.95
CUST1945,SME,Enugu,Standard,Card,10/5/2021,10000,167,60641.99,732,1,,10127212.33,1,Is_Churned,12/2/2024,None,48.5,Monthly,97,10000,0.35,208808.5,11604226.33
CUST1946,Retail,Ibadan,Standard,Card,3/1/2024,30000,19,95045.27,653,1,2.6,1805860.13,1,Is_Churned,12/3/2022,Inactive,19.3,Monthly,42,50000,0.26,93567.88,2727292.81
CUST1947,Enterprise,Port Harcourt,Premium,Wallet,12/30/2023,20000,199,27601.36,,3,2.8,5492670.64,0,Not_Churned,,None,21.3,Monthly,61,0,0.16,257871.86,7905139.05
CUST1948,Corporate,Enugu,Basic,Transfer,4/3/2020,30000,97,67750.81,810,3,2.7,6571828.57,1,Is_Churned,3/3/2021,Inactive,66.9,Weekly,97,50000,-0.19,98233.61,7324932.04
CUST1949,Retail,Enugu,Premium,Wallet,4/28/2024,5000,34,83553.33,843,7,3.5,2840813.22,0,Not_Churned,,None,17.3,Monthly,87,0,0,164208.86,4248919.58
CUST1950,SME,Lagos,Basic,Wallet,7/14/2024,20000,107,60421.73,610,5,3,6465125.11,0,Not_Churned,,None,14.8,Weekly,60,,-0.17,436832.78,11510222.08
CUST1951,Enterprise,Port Harcourt,Basic,Card,12/15/2023,30000,86,32950.33,704,9,2.5,2833728.38,0,Not_Churned,,None,21.8,Monthly,55,5000,-0.01,129987.54,4308588.24
CUST1952,Retail,Ibadan,Standard,Cash,3/15/2020,20000,79,33629.52,720,7,3.4,2656732.08,1,Is_Churned,4/13/2021,Switched to Competitor,67.5,Daily,48,50000,-0.16,39358.99,3006591.31
CUST1953,Enterprise,Port Harcourt,Standard,Wallet,6/19/2020,5000,175,13532.77,821,6,4.6,2368234.75,1,Is_Churned,5/19/2023,Poor Service,64.3,Monthly,52,5000,-0.1,36831.02,2696747.69
CUST1954,SME,Enugu,Basic,Cash,4/12/2021,20000,64,37489.98,738,9,3.7,2399358.72,1,Is_Churned,10/27/2022,None,54.4,Daily,49,5000,0.05,44105.86,2629699.35
CUST1955,SME,Ibadan,Premium,Transfer,5/15/2020,30000,44,77014.33,,3,4.6,3388630.52,1,Is_Churned,10/5/2023,Inactive,65.5,Daily,88,10000,0.11,51734.82,3929653.36
CUST1956,Enterprise,Kano,Standard,Card,7/16/2024,5000,197,14276.6,656,1,2.6,2812490.2,1,Is_Churned,3/16/2024,None,14.7,Monthly,96,0,-0.07,191325.86,4475768.11
CUST1957,Retail,Lagos,Premium,Transfer,10/4/2020,10000,161,29736.58,567,8,2.5,4787589.38,0,Not_Churned,,None,60.7,Monthly,60,5000,0.24,78872.97,5610726.45
CUST1958,Corporate,Enugu,Standard,Transfer,1/3/2020,30000,78,73560.92,736,1,3.7,5737751.76,1,Is_Churned,11/21/2024,Switched to Competitor,69.9,Daily,88,50000,0.15,82085.15,6470006.66
CUST1959,SME,Abuja,Standard,Card,9/28/2021,30000,125,80438.64,420,0,3.4,10054830,0,Not_Churned,,None,48.8,Weekly,81,10000,0.22,206041.6,11228006.27
CUST1960,Retail,Abuja,Premium,Transfer,3/19/2023,5000,151,50978.66,485,7,4,7697777.66,0,Not_Churned,,None,30.9,Weekly,79,5000,0.24,249119.02,8869965.57
CUST1961,Retail,Lagos,Standard,Card,7/25/2023,5000,7,72826.69,414,9,4.4,509786.83,0,Not_Churned,,None,26.6,Monthly,46,50000,0.24,19164.92,580557.03
CUST1962,Corporate,Kano,Standard,Cash,10/21/2022,10000,40,44915.7,449,8,4.3,1796628,0,Not_Churned,,None,35.8,Daily,85,0,0.36,50185.14,2211857.57
CUST1963,SME,Enugu,Premium,Transfer,6/28/2024,30000,47,24392.19,703,0,4.8,1146432.93,0,Not_Churned,,None,15.3,Weekly,61,5000,-0.06,74930.26,1562780.14
CUST1964,SME,Port Harcourt,Standard,Card,8/4/2021,5000,147,45833.45,815,6,3.2,6737517.15,0,Not_Churned,,None,50.6,Monthly,57,50000,-0.04,133152.51,7892559.86
CUST1965,Retail,Lagos,Standard,Wallet,1/13/2022,10000,173,62197.1,704,1,2.6,10760098.3,0,Not_Churned,,None,45.2,Monthly,60,50000,-0.14,238055.27,11599935.3
CUST1966,Retail,Kano,Standard,Transfer,4/16/2020,10000,119,95324.8,595,5,3.7,11343651.2,1,Is_Churned,5/12/2020,High Fees,66.4,Daily,90,20000,0.16,170838.12,12433763.67
CUST1967,Corporate,Port Harcourt,Premium,Cash,7/7/2021,5000,113,16187.59,763,4,2.3,1829197.67,1,Is_Churned,5/10/2021,Inactive,51.5,Weekly,89,50000,0.04,35518.4,2019042.7
CUST1968,Corporate,Abuja,Basic,Card,6/17/2024,30000,94,55665.47,700,0,2.9,5232554.18,0,Not_Churned,,None,15.7,Monthly,53,20000,0.1,333283.71,7343242.22
CUST1969,SME,Abuja,Premium,Transfer,9/23/2020,20000,168,39602.78,687,1,2.6,6653267.04,0,Not_Churned,,None,61.1,Weekly,49,0,-0.1,108891.44,7033140.31
CUST1970,Enterprise,Port Harcourt,Basic,Transfer,6/20/2024,20000,88,55748.05,787,1,3.2,4905828.4,0,Not_Churned,,None,15.6,Monthly,72,0,0.19,314476.18,7898897.2
CUST1971,SME,Lagos,Standard,Transfer,7/8/2022,10000,81,12157.79,644,9,,984780.99,0,Not_Churned,,None,39.3,Monthly,48,10000,0.17,25058.04,1086272.95
CUST1972,Retail,Abuja,Basic,Cash,4/2/2020,20000,165,38172.28,848,9,,6298426.2,0,Not_Churned,,None,66.9,Weekly,57,20000,-0.04,94146.88,6593070.57
CUST1973,SME,Enugu,Premium,Card,2/10/2022,20000,9,83788.13,752,5,4,754093.17,1,Is_Churned,11/8/2022,Switched to Competitor,44.3,Weekly,52,,0.08,17022.42,950133.64
CUST1974,Enterprise,Ibadan,Premium,Wallet,5/8/2020,5000,82,59854.76,,0,3.8,4908090.32,0,Not_Churned,,None,65.7,Daily,98,10000,0.34,74704.57,5261882.68
CUST1975,Corporate,Port Harcourt,Standard,Wallet,5/21/2023,10000,95,50552.42,592,3,4.1,4802479.9,0,Not_Churned,,None,28.8,Daily,56,10000,0.26,166752.77,6545471.72
CUST1976,Enterprise,Port Harcourt,Basic,Wallet,10/16/2022,30000,91,35697.26,735,9,4,3248450.66,0,Not_Churned,,None,36,Daily,62,0,-0.06,90234.74,4302413.64
CUST1977,Enterprise,Abuja,Standard,Card,3/1/2020,10000,18,36823.83,545,4,,662828.94,0,Not_Churned,,None,68,Daily,64,50000,0.33,9747.48,738928.1
CUST1978,Enterprise,Lagos,Standard,Wallet,11/11/2020,5000,108,44479.13,709,1,2.9,4803746.04,0,Not_Churned,,None,59.5,Weekly,93,20000,-0.16,80735.23,5428238.31
CUST1979,Corporate,Enugu,Premium,Cash,10/19/2021,20000,87,85201.36,526,1,2.4,7412518.32,0,Not_Churned,,None,48.1,Daily,55,0,0.05,154106.41,8384429.72
CUST1980,Enterprise,Lagos,Basic,Card,3/14/2024,30000,179,97049.19,574,6,4.5,17371805.01,1,Is_Churned,8/4/2024,None,18.8,Weekly,63,10000,-0.15,924032.18,23683271.68
CUST1981,Enterprise,Kano,Basic,Transfer,5/1/2021,10000,58,49478.98,533,6,4.2,2869780.84,0,Not_Churned,,None,53.8,Monthly,70,5000,0.35,53341.65,3261237.99
CUST1982,Enterprise,Kano,Basic,Cash,4/3/2020,20000,136,45401.76,465,5,2.6,6174639.36,0,Not_Churned,,None,66.9,Weekly,50,10000,-0.18,92296.55,6577868.94
CUST1983,Retail,Ibadan,Basic,Transfer,11/18/2022,10000,99,86189.57,792,0,3,8532767.43,0,Not_Churned,,None,34.9,Daily,62,5000,-0.11,244491.9,10068819.58
CUST1984,Enterprise,Abuja,Standard,Wallet,12/11/2021,30000,13,48421.48,764,2,4.9,629479.24,0,Not_Churned,,None,46.3,Weekly,80,0,0.35,13595.66,770125.83
CUST1985,Corporate,Abuja,Standard,Cash,1/9/2023,10000,57,59681.64,678,8,3.8,3401853.48,0,Not_Churned,,None,33.2,Weekly,78,20000,0.15,102465.47,3877455.6
CUST1986,Enterprise,Abuja,Premium,Card,1/27/2023,10000,81,30784.75,645,9,4.4,2493564.75,0,Not_Churned,,None,32.6,Weekly,61,50000,0.28,76489.72,3225470.47
CUST1987,Enterprise,Ibadan,Standard,Cash,4/2/2024,10000,64,76915.23,762,0,2.8,4922574.72,0,Not_Churned,,None,18.2,Weekly,72,5000,-0.19,270471.14,7320106.5
CUST1988,Corporate,Kano,Standard,Transfer,4/23/2021,20000,50,57878.95,636,1,2.6,2893947.5,0,Not_Churned,,None,54,Weekly,80,50000,0.05,53591.62,3082358.47
CUST1989,Enterprise,Lagos,Premium,Card,4/9/2020,30000,58,82813.11,570,7,4.4,4803160.38,0,Not_Churned,,None,66.7,Daily,81,0,0.39,72011.4,5033730.79
CUST1990,Corporate,Ibadan,Premium,Cash,10/18/2021,30000,78,80265.95,450,6,4.1,6260744.1,0,Not_Churned,,None,48.1,Weekly,87,0,0.15,130161,7064196.21
CUST1991,Enterprise,Ibadan,Premium,Cash,4/28/2020,20000,116,29350.43,727,8,4,3404649.88,0,Not_Churned,,None,66,Daily,92,0,0.31,51585.6,3880760.57
CUST1992,Corporate,Lagos,Standard,Cash,9/19/2022,20000,99,74407.2,758,9,3.7,7366312.8,0,Not_Churned,,None,36.9,Monthly,57,20000,0.38,199629.07,8558849.1
CUST1993,Enterprise,Abuja,Standard,Cash,2/13/2024,20000,169,82004.9,552,3,3.7,13858828.1,0,Not_Churned,,None,19.8,Weekly,53,5000,0.21,699940.81,20165014.55
CUST1994,Enterprise,Enugu,Premium,Card,10/16/2022,5000,27,41149.65,479,3,4.2,1111040.55,0,Not_Churned,,None,36,Monthly,67,50000,0,30862.24,1388465.12
CUST1995,Retail,Lagos,Premium,Transfer,6/27/2023,10000,31,25534.82,818,6,2.8,791579.42,0,Not_Churned,,None,27.5,Daily,50,10000,-0.01,28784.71,1086881.62
CUST1996,Retail,Kano,Premium,Cash,6/29/2023,10000,74,10236.89,544,0,3.1,757529.86,0,Not_Churned,,None,27.5,Weekly,63,0,-0.16,27546.54,864833.83
CUST1997,Enterprise,Port Harcourt,Standard,Card,5/21/2024,30000,198,50581.33,673,9,4.6,10015103.34,0,Not_Churned,,None,16.6,Monthly,75,50000,0.06,603319.48,14958799.73
CUST1998,Enterprise,Port Harcourt,Standard,Transfer,11/12/2021,10000,113,41718.95,554,8,2.9,4714241.35,0,Not_Churned,,None,47.3,Daily,58,50000,0.35,99666.84,5069302.07
CUST1999,SME,Ibadan,Basic,Cash,3/2/2024,5000,193,59941.89,798,1,3.6,11568784.77,0,Not_Churned,,None,19.2,Monthly,52,20000,0.09,602540.87,14330545.4
CUST2000,Corporate,Port Harcourt,Standard,Transfer,12/9/2021,20000,81,26923.7,736,0,4.1,2180819.7,1,Is_Churned,2/11/2024,Switched to Competitor,46.4,Weekly,72,5000,0.35,47000.42,2459508.86
CUST2001,SME,Enugu,Standard,Transfer,2/29/2020,30000,183,87369.9,762,6,5,15988691.7,0,Not_Churned,,None,68,Weekly,92,20000,0.29,235127.82,18191017.23
CUST2002,Retail,Abuja,Standard,Card,5/19/2023,30000,54,33197.97,724,5,3.3,1792690.38,1,Is_Churned,4/22/2022,Switched to Competitor,28.8,Weekly,58,20000,0.39,62246.19,2525010.58
CUST2003,Retail,Kano,Premium,Transfer,2/3/2020,10000,128,30378.66,735,2,3.3,3888468.48,1,Is_Churned,10/4/2022,Switched to Competitor,68.9,Daily,86,50000,0.37,56436.41,4231753.69
CUST2004,Retail,Enugu,Standard,Card,4/21/2020,30000,23,53264.27,542,0,4.5,1225078.21,1,Is_Churned,4/23/2024,Switched to Competitor,66.3,Monthly,91,5000,0.22,18477.8,1367177.97
CUST2005,Retail,Kano,Premium,Cash,2/3/2020,20000,5,54896.59,697,4,4.4,274482.95,1,Is_Churned,4/8/2020,Switched to Competitor,68.9,Daily,71,5000,0.32,3983.79,295722.71
CUST2006,Enterprise,Kano,Basic,Transfer,11/25/2022,30000,44,29357.67,433,9,4.2,1291737.48,0,Not_Churned,,None,34.7,Monthly,54,5000,0.25,37225.86,1629726.06
CUST2007,Retail,Abuja,Basic,Transfer,5/22/2024,20000,164,34467.47,703,3,3.4,5652665.08,0,Not_Churned,,None,16.5,Daily,96,0,0.22,342585.76,7810706.2
CUST2008,Enterprise,Ibadan,Premium,Wallet,1/17/2023,5000,26,25273.47,791,4,3,657110.22,0,Not_Churned,,None,32.9,Weekly,50,5000,0.23,19972.96,803599.37
CUST2009,Enterprise,Port Harcourt,Premium,Cash,11/6/2021,5000,116,74661.42,638,0,3.8,8660724.72,0,Not_Churned,,None,47.5,Monthly,62,50000,0.23,182331.05,10139487.29
CUST2010,Retail,Abuja,Premium,Cash,11/8/2020,20000,198,79308.01,537,0,4.6,15702985.98,1,Is_Churned,2/10/2023,Switched to Competitor,59.6,Monthly,98,0,0.03,263472.92,18120661.23
CUST2011,Retail,Enugu,Standard,Wallet,10/19/2023,10000,44,51609.56,653,4,4.7,2270820.64,0,Not_Churned,,None,23.7,Monthly,44,10000,0.05,95815.22,2610051.14
CUST2012,Corporate,Ibadan,Basic,Wallet,3/24/2020,30000,42,74267.83,404,5,2.3,3119248.86,0,Not_Churned,,None,67.2,Daily,95,20000,-0.02,46417.39,3490314.32
CUST2013,SME,Enugu,Premium,Card,11/22/2023,10000,52,76234.19,771,4,3.3,3964177.88,0,Not_Churned,,None,22.6,Weekly,61,5000,-0.11,175406.1,5171055.48
CUST2014,Retail,Ibadan,Standard,Card,6/4/2020,30000,187,22444.8,575,1,3.4,4197177.6,0,Not_Churned,,None,64.8,Monthly,81,10000,0.08,64771.26,4469468.63
CUST2015,Corporate,Enugu,Basic,Transfer,10/3/2021,5000,79,96956.02,772,8,4.9,7659525.58,0,Not_Churned,,None,48.6,Daily,57,5000,0.34,157603.41,8427421.55
CUST2016,Corporate,Abuja,Standard,Transfer,6/22/2021,5000,187,83892.88,809,4,4,15687968.56,0,Not_Churned,,None,52,Monthly,46,20000,0.19,301691.7,18993004.24
CUST2017,SME,Ibadan,Basic,Transfer,11/18/2022,5000,183,28403.51,613,4,3.2,5197842.33,0,Not_Churned,,None,34.9,Weekly,72,50000,-0.17,148935.31,6813192.32
CUST2018,Enterprise,Ibadan,Standard,Transfer,6/21/2020,30000,111,26754.85,,9,2.1,2969788.35,0,Not_Churned,,None,64.2,Monthly,42,50000,0.29,46258.39,3122440.04
CUST2019,Retail,Kano,Basic,Card,3/20/2021,5000,192,21309.5,422,8,3.7,4091424,1,Is_Churned,5/24/2024,Poor Service,55.2,Weekly,67,20000,0.36,74120,4773669.95
CUST2020,SME,Kano,Basic,Cash,6/11/2022,5000,12,22454.07,717,2,2.3,269448.84,1,Is_Churned,6/25/2024,None,40.2,Daily,40,10000,0.3,6702.71,322988.08
CUST2021,Retail,Lagos,Standard,Transfer,9/30/2021,5000,90,77334.56,412,4,4.5,6960110.4,0,Not_Churned,,None,48.7,Daily,88,,0.24,142918.08,8597714.82
CUST2022,Corporate,Enugu,Premium,Cash,11/30/2022,5000,72,52268.88,792,4,4.3,3763359.36,1,Is_Churned,1/27/2020,High Fees,34.5,Weekly,86,0,-0.11,109082.88,4982038.9
CUST2023,Corporate,Kano,Basic,Transfer,7/30/2020,10000,79,80464.08,640,1,3.4,6356662.32,0,Not_Churned,,None,62.9,Weekly,76,5000,0.01,101059.81,7186975.23
CUST2024,Enterprise,Lagos,Premium,Wallet,7/22/2023,5000,141,77162.94,675,3,3.3,10879974.54,0,Not_Churned,,None,26.7,Daily,61,20000,0.14,407489.68,12612047.76
CUST2025,Corporate,Kano,Standard,Transfer,10/20/2023,5000,94,64415.14,491,1,4.7,6055023.16,0,Not_Churned,,None,23.7,Weekly,87,20000,-0.15,255486.21,7878769.39
CUST2026,Corporate,Enugu,Premium,Transfer,9/5/2020,10000,134,71772.99,507,4,2.9,9617580.66,0,Not_Churned,,None,61.7,Weekly,83,0,-0.14,155876.51,11102535.01
CUST2027,SME,Ibadan,Premium,Transfer,5/13/2021,10000,84,11652.02,840,9,2.7,978769.68,0,Not_Churned,,None,53.4,Monthly,58,10000,0.36,18329.02,1190756.33
CUST2028,Retail,Port Harcourt,Premium,Card,5/7/2021,30000,99,38059.99,628,1,,3767939.01,0,Not_Churned,,None,53.6,Daily,53,20000,0.22,70297.37,4209017.4
CUST2029,Retail,Enugu,Premium,Wallet,10/19/2020,20000,74,67404,551,9,4.4,4987896,0,Not_Churned,,None,60.2,Daily,42,50000,-0.03,82855.42,5821591.11
CUST2030,SME,Abuja,Premium,Transfer,3/13/2024,5000,94,10841.05,,8,4.5,1019058.7,0,Not_Churned,,None,18.9,Weekly,58,50000,0,53918.45,1512416.12
CUST2031,Enterprise,Kano,Basic,Transfer,11/19/2023,5000,63,12967.92,688,9,2.6,816978.96,0,Not_Churned,,None,22.7,Weekly,72,20000,0.03,35990.26,950309.68
CUST2032,Retail,Kano,Basic,Cash,2/29/2024,5000,151,86669.92,803,5,2.4,13087157.92,0,Not_Churned,,None,19.3,Weekly,60,10000,-0.15,678091.08,18526663.21
CUST2033,Corporate,Ibadan,Basic,Wallet,7/29/2021,30000,32,71562.24,843,7,2.1,2289991.68,0,Not_Churned,,None,50.8,Daily,40,50000,0.24,45078.58,2499678.46
CUST2034,Retail,Abuja,Standard,Transfer,4/16/2022,5000,76,33883.28,575,8,2.7,2575129.28,1,Is_Churned,3/9/2025,None,42.1,Monthly,65,10000,-0.09,61166.97,3134926.1
CUST2035,Corporate,Ibadan,Premium,Cash,2/10/2022,20000,18,71916.66,719,7,4.3,1294499.88,0,Not_Churned,,None,44.3,Daily,49,0,0.28,29221.22,1542610.52
CUST2036,Enterprise,Abuja,Basic,Cash,3/2/2024,10000,28,81321.1,685,4,2.7,2276990.8,0,Not_Churned,,None,19.2,Monthly,74,5000,0.31,118593.27,3671343.19
CUST2037,SME,Port Harcourt,Standard,Card,8/5/2021,30000,116,37611.49,763,4,4.2,4362932.84,0,Not_Churned,,None,50.6,Weekly,52,0,0.18,86223.97,5347476.45
CUST2038,Retail,Kano,Basic,Cash,12/25/2021,10000,48,13243.36,728,5,2.8,635681.28,0,Not_Churned,,None,45.8,Daily,45,5000,0.26,13879.5,678490.41
CUST2039,SME,Kano,Basic,Transfer,8/26/2023,5000,60,93950.12,,0,3.2,5637007.2,0,Not_Churned,,None,25.5,Monthly,82,50000,-0.1,221059.11,6459405.75
CUST2040,Retail,Port Harcourt,Premium,Card,8/20/2020,5000,124,41066.19,640,7,4.9,5092207.56,0,Not_Churned,,None,62.2,Daily,45,5000,0.15,81868.29,5904521.91
CUST2041,Corporate,Lagos,Standard,Card,6/24/2021,5000,183,19583.36,544,1,2.7,3583754.88,0,Not_Churned,,None,52,Monthly,74,5000,0.21,68918.36,4215790.37
CUST2042,SME,Ibadan,Premium,Transfer,3/1/2023,20000,36,54267.12,755,5,3.1,1953616.32,1,Is_Churned,3/7/2020,Inactive,31.5,Monthly,55,,0.2,62019.57,2586743.88
CUST2043,Retail,Port Harcourt,Premium,Wallet,10/8/2023,20000,182,79162.1,413,8,2.9,14407502.2,0,Not_Churned,,None,24.1,Daily,80,5000,-0.13,597821.67,17636536.94
CUST2044,Corporate,Ibadan,Basic,Cash,3/13/2024,30000,173,29948.26,674,2,2.3,5181048.98,0,Not_Churned,,None,18.9,Weekly,47,20000,0.01,274129.58,8098858.25
CUST2045,SME,Enugu,Premium,Card,10/11/2021,10000,198,34254.1,470,1,3.5,6782311.8,1,Is_Churned,3/19/2023,Inactive,48.3,Daily,98,5000,0,140420.53,7762696.18
CUST2046,SME,Kano,Standard,Wallet,6/22/2024,5000,29,31844.35,714,9,,923486.15,1,Is_Churned,10/30/2024,None,15.5,Weekly,42,20000,0.14,59579.75,1242665.35
CUST2047,Retail,Ibadan,Premium,Transfer,9/29/2023,5000,120,99250.57,594,4,4.1,11910068.4,0,Not_Churned,,None,24.4,Monthly,44,,0.26,488117.56,13421021.59
CUST2048,Retail,Abuja,Premium,Cash,6/19/2024,5000,193,27766.34,752,8,4.5,5358903.62,0,Not_Churned,,None,15.6,Monthly,60,50000,0.14,343519.46,9083436.48
CUST2049,Retail,Ibadan,Premium,Cash,4/20/2022,5000,70,61796.82,699,5,3.6,4325777.4,1,Is_Churned,6/16/2025,Switched to Competitor,42,Daily,70,5000,0.25,102994.7,5130999.71
CUST2050,Corporate,Enugu,Basic,Card,6/20/2024,20000,46,93273.82,815,7,2.1,4290595.72,0,Not_Churned,,None,15.6,Daily,53,10000,-0.14,275038.19,7530116.24
CUST2051,Retail,Kano,Standard,Cash,9/1/2022,10000,197,23220.69,766,7,,4574475.93,0,Not_Churned,,None,37.5,Weekly,76,50000,0.33,121986.02,5725064.05
CUST2052,SME,Port Harcourt,Basic,Cash,6/8/2021,10000,168,97376.88,410,6,2.2,16359315.84,0,Not_Churned,,None,52.5,Weekly,58,0,0.12,311606.02,17519660.3
CUST2053,SME,Enugu,Basic,Cash,5/14/2021,30000,80,95272.95,505,4,3.8,7621836,0,Not_Churned,,None,53.3,Daily,76,0,-0.18,142998.8,8807828.14
CUST2054,Retail,Kano,Basic,Cash,11/24/2021,20000,141,89611.48,657,1,4.1,12635218.68,1,Is_Churned,3/31/2025,Poor Service,46.9,Weekly,92,20000,0.19,269407.65,13484963.07
CUST2055,Retail,Ibadan,Basic,Transfer,6/12/2020,5000,168,29310.09,780,9,2.6,4924095.12,0,Not_Churned,,None,64.5,Weekly,59,10000,0.11,76342.56,5536365.25
CUST2056,Enterprise,Lagos,Basic,Wallet,5/27/2021,10000,42,67064.96,595,9,4.5,2816728.32,0,Not_Churned,,None,52.9,Daily,91,20000,-0.07,53246.28,3144289.47
CUST2057,SME,Lagos,Standard,Transfer,2/5/2023,10000,165,78480.23,544,4,4.7,12949237.95,1,Is_Churned,9/8/2023,High Fees,32.3,Daily,41,5000,0.26,400905.2,16473059.37
CUST2058,Corporate,Abuja,Premium,Transfer,12/18/2022,20000,174,98742.51,619,6,4.4,17181196.74,1,Is_Churned,8/23/2024,Switched to Competitor,33.9,Monthly,96,50000,0.36,506819.96,21171982.08
CUST2059,Enterprise,Kano,Basic,Card,2/23/2023,30000,65,26238.14,749,6,,1705479.1,0,Not_Churned,,None,31.7,Monthly,46,10000,-0.01,53800.6,1993428.06
CUST2060,Retail,Lagos,Basic,Cash,7/2/2023,30000,178,78942.33,823,1,3.8,14051734.74,0,Not_Churned,,None,27.4,Daily,72,20000,0.1,512837.03,16339580.35
CUST2061,Retail,Port Harcourt,Standard,Transfer,12/31/2023,5000,93,40492.11,573,6,4.7,3765766.23,0,Not_Churned,,None,21.3,Monthly,92,20000,-0.12,176796.54,4940120.24
CUST2062,SME,Kano,Standard,Cash,10/17/2021,30000,193,25806.38,615,5,3,4980631.34,0,Not_Churned,,None,48.1,Weekly,89,0,0.36,103547.43,6210932.95
CUST2063,Retail,Port Harcourt,Premium,Transfer,10/18/2021,10000,22,47923.92,492,6,4.5,1054326.24,1,Is_Churned,12/23/2022,None,48.1,Daily,81,5000,-0.01,21919.46,1206036.92
CUST2064,Corporate,Port Harcourt,Standard,Transfer,5/10/2020,30000,74,81445.23,659,7,2,6026947.02,0,Not_Churned,,None,65.6,Monthly,45,20000,-0.08,91874.19,6921717.34
CUST2065,SME,Lagos,Premium,Card,7/16/2021,5000,86,51836.48,821,3,2,4457937.28,0,Not_Churned,,None,51.2,Daily,46,0,0.09,87069.09,4763790.38
CUST2066,Retail,Kano,Basic,Wallet,12/16/2021,10000,120,58377.08,,0,4.3,7005249.6,0,Not_Churned,,None,46.1,Monthly,83,10000,-0.17,151957.69,7979266.68
CUST2067,SME,Ibadan,Basic,Wallet,6/19/2021,30000,84,99564.35,428,7,4.3,8363405.4,0,Not_Churned,,None,52.1,Daily,57,20000,-0.05,160526.02,9683396.23
CUST2068,Retail,Enugu,Premium,Transfer,1/16/2021,30000,19,45919.84,674,7,4.4,872476.96,0,Not_Churned,,None,57.3,Weekly,82,0,-0.16,15226.47,1021098.78
CUST2069,Retail,Lagos,Standard,Card,8/24/2024,20000,180,65386.07,746,2,4.8,11769492.6,0,Not_Churned,,None,13.4,Monthly,93,,-0.12,878320.34,18581264.6
CUST2070,Retail,Lagos,Premium,Cash,11/7/2021,5000,17,42871.98,684,2,2.4,728823.66,1,Is_Churned,4/16/2020,None,47.4,Daily,68,50000,-0.13,15376.03,846260.71
CUST2071,Corporate,Ibadan,Standard,Cash,1/25/2021,30000,123,45350.71,818,4,2.7,5578137.33,0,Not_Churned,,None,57,Weekly,58,10000,0.32,97862.06,6544541.14
CUST2072,Corporate,Kano,Basic,Transfer,2/26/2024,20000,47,72607.67,,2,4.7,3412560.49,1,Is_Churned,10/23/2022,Poor Service,19.4,Monthly,64,20000,0.36,175905.18,4436256.42
CUST2073,SME,Kano,Standard,Wallet,3/5/2024,10000,192,94409.83,469,4,2.5,18126687.36,0,Not_Churned,,None,19.1,Monthly,43,0,0.08,949041.22,21747749.04
CUST2074,Retail,Port Harcourt,Premium,Card,8/19/2020,20000,61,58812.31,778,7,4,3587550.91,0,Not_Churned,,None,62.3,Daily,90,20000,0.18,57585.09,3940222.6
CUST2075,Retail,Ibadan,Premium,Wallet,8/28/2021,20000,21,79155.99,678,0,3.6,1662275.79,0,Not_Churned,,None,49.8,Weekly,52,50000,0.22,33379.03,1810177.05
CUST2076,Corporate,Ibadan,Basic,Cash,7/12/2022,30000,182,18028.59,630,1,2.2,3281203.38,0,Not_Churned,,None,39.2,Daily,71,20000,0.03,83704.17,4259997.99
CUST2077,Retail,Kano,Standard,Wallet,6/5/2021,30000,36,29004.22,701,1,2.9,1044151.92,0,Not_Churned,,None,52.6,Monthly,66,20000,0.02,19850.8,1206881.08
CUST2078,Corporate,Port Harcourt,Standard,Cash,3/24/2023,30000,154,55191.85,654,3,3.6,8499544.9,0,Not_Churned,,None,30.7,Daily,90,0,0.21,276858.14,10442924
CUST2079,Retail,Lagos,Standard,Card,9/24/2021,20000,59,11801.06,571,8,4.6,696262.54,1,Is_Churned,10/10/2020,Poor Service,48.9,Daily,73,50000,0.03,14238.5,855854.41
CUST2080,SME,Abuja,Basic,Card,12/7/2022,10000,189,32756.95,831,1,4.1,6191063.55,1,Is_Churned,7/24/2021,None,34.3,Weekly,67,10000,0.15,180497.48,8195172.66
CUST2081,Retail,Enugu,Standard,Transfer,4/28/2021,5000,17,56566.12,579,8,3.9,961624.04,0,Not_Churned,,None,53.9,Weekly,48,0,0.11,17840.89,1081894.33
CUST2082,Retail,Lagos,Premium,Transfer,12/27/2021,20000,51,11346.51,663,6,3.5,578672.01,0,Not_Churned,,None,45.8,Monthly,47,50000,0.11,12634.76,716044.02
CUST2083,Enterprise,Kano,Standard,Wallet,6/1/2024,30000,91,33809.17,582,9,2.9,3076634.47,1,Is_Churned,5/19/2024,Switched to Competitor,16.2,Weekly,60,50000,0.3,189915.71,3755817.41
CUST2084,Corporate,Enugu,Basic,Card,1/26/2024,5000,66,56262.77,721,7,2.4,3713342.82,0,Not_Churned,,None,20.4,Daily,85,,0.22,182026.61,5710442.75
CUST2085,Retail,Abuja,Standard,Card,1/12/2020,10000,186,61583.43,604,0,3.2,11454517.98,1,Is_Churned,11/16/2024,Switched to Competitor,69.6,Monthly,69,5000,0.38,164576.41,12408279.87
CUST2086,Retail,Abuja,Standard,Transfer,6/18/2023,5000,33,93317.65,823,4,2.1,3079482.45,1,Is_Churned,1/11/2023,Switched to Competitor,27.8,Weekly,68,5000,0.27,110772.75,3975202.05
CUST2087,Enterprise,Port Harcourt,Premium,Cash,1/27/2021,30000,26,68081.11,648,8,2.6,1770108.86,0,Not_Churned,,None,56.9,Daily,48,10000,-0.11,31109.12,1938944.26
CUST2088,Enterprise,Enugu,Standard,Wallet,9/17/2024,20000,69,47326.22,612,3,3.3,3265509.18,0,Not_Churned,,None,12.6,Daily,52,20000,0.24,259167.4,6340062.91
CUST2089,Corporate,Port Harcourt,Premium,Wallet,9/7/2020,20000,33,93731.61,558,1,3.3,3093143.13,0,Not_Churned,,None,61.6,Monthly,57,5000,0.2,50213.36,3276221.88
CUST2090,Enterprise,Lagos,Premium,Transfer,10/20/2022,30000,52,80639.47,831,5,2.1,4193252.44,0,Not_Churned,,None,35.9,Monthly,77,0,0.19,116803.69,5013517.78
CUST2091,SME,Ibadan,Basic,Card,4/6/2020,20000,9,28000.8,499,1,3.8,252007.2,0,Not_Churned,,None,66.8,Weekly,94,10000,0.09,3772.56,284409.12
CUST2092,Enterprise,Ibadan,Premium,Transfer,4/20/2023,30000,167,21775.81,716,2,3.6,3636560.27,1,Is_Churned,9/4/2024,High Fees,29.8,Weekly,61,,-0.16,122032.22,4678777.58
CUST2093,SME,Ibadan,Premium,Transfer,7/18/2024,20000,105,70823.05,511,7,,7436420.25,0,Not_Churned,,None,14.6,Weekly,70,0,0.37,509343.85,12350990.14
CUST2094,Corporate,Enugu,Basic,Transfer,2/8/2020,20000,75,60389.48,707,2,4.8,4529211,0,Not_Churned,,None,68.7,Weekly,74,5000,0.31,65927.38,5156822.39
CUST2095,Corporate,Ibadan,Premium,Transfer,8/30/2024,20000,178,81070.63,565,1,2.3,14430572.14,0,Not_Churned,,None,13.2,Monthly,81,5000,0.09,1093225.16,25513999.64
CUST2096,Corporate,Lagos,Basic,Cash,12/1/2021,10000,167,76492.45,435,5,,12774239.15,0,Not_Churned,,None,46.6,Daily,81,5000,-0.1,274125.3,14174631.84
CUST2097,Corporate,Port Harcourt,Standard,Cash,7/16/2022,10000,177,66269.04,,2,2,11729620.08,0,Not_Churned,,None,39.1,Daily,49,5000,0.29,299990.28,13629925.91
CUST2098,Corporate,Enugu,Basic,Card,9/21/2020,30000,145,98774.4,486,0,4.6,14322288,0,Not_Churned,,None,61.2,Weekly,48,50000,0.06,234024.31,15829006.03
CUST2099,SME,Port Harcourt,Premium,Transfer,9/24/2023,10000,142,58023.08,582,2,2.1,8239277.36,0,Not_Churned,,None,24.6,Monthly,70,10000,0.03,334929.97,12125321.31
CUST2100,SME,Enugu,Basic,Cash,7/7/2022,30000,70,20179.52,484,5,4.3,1412566.4,0,Not_Churned,,None,39.4,Weekly,83,10000,0.2,35851.94,1652193.87
CUST2101,Corporate,Port Harcourt,Premium,Card,11/14/2021,5000,76,84544.62,668,2,,6425391.12,0,Not_Churned,,None,47.2,Weekly,95,5000,0.26,136131.17,7105614.57
CUST2102,Enterprise,Abuja,Standard,Transfer,3/28/2024,5000,29,32666.8,564,8,4.2,947337.2,0,Not_Churned,,None,18.4,Monthly,79,10000,-0.16,51485.72,1394804.78
CUST2103,Retail,Port Harcourt,Basic,Wallet,2/28/2024,10000,176,79957.19,702,6,3.2,14072465.44,0,Not_Churned,,None,19.3,Daily,63,0,0.26,729143.29,19063744.6
CUST2104,Corporate,Ibadan,Standard,Cash,12/10/2022,5000,64,96139.64,489,4,2.2,6152936.96,0,Not_Churned,,None,34.2,Daily,80,0,0.24,179910.44,7097596.5
CUST2105,Enterprise,Abuja,Premium,Card,5/23/2020,5000,179,72711.6,637,1,4.3,13015376.4,1,Is_Churned,5/13/2021,High Fees,65.2,Weekly,88,10000,0.15,199622.34,14899056.74
CUST2106,Retail,Port Harcourt,Premium,Wallet,1/16/2022,20000,44,63642.71,421,8,2.2,2800279.24,1,Is_Churned,9/26/2025,Switched to Competitor,45.1,Monthly,47,5000,0,62090.45,3093801.19
CUST2107,Corporate,Enugu,Standard,Transfer,4/22/2022,20000,11,51434.76,566,4,4.8,565782.36,0,Not_Churned,,None,41.9,Daily,89,20000,-0.1,13503.16,683262.41
CUST2108,Corporate,Enugu,Basic,Transfer,10/7/2022,30000,178,42796.89,614,6,2.2,7617846.42,0,Not_Churned,,None,36.3,Daily,59,5000,-0.14,209858.03,9060573.52
CUST2109,SME,Enugu,Basic,Transfer,11/1/2023,5000,155,41770.43,457,8,3.4,6474416.65,0,Not_Churned,,None,23.3,Monthly,56,50000,-0.2,277871.96,8106221
CUST2110,Retail,Kano,Premium,Cash,12/30/2022,30000,50,67273.54,429,3,4.2,3363677,1,Is_Churned,9/21/2022,None,33.5,Monthly,67,20000,-0.08,100408.27,4519761.84
CUST2111,Retail,Lagos,Standard,Card,2/10/2023,30000,90,77614.58,801,8,3.2,6985312.2,1,Is_Churned,1/15/2022,Poor Service,32.1,Daily,45,,0.05,217610.97,8273496.74
CUST2112,Enterprise,Enugu,Standard,Wallet,5/6/2021,5000,145,71066.54,505,0,2.7,10304648.3,0,Not_Churned,,None,53.6,Weekly,81,10000,-0.05,192250.9,11482678.39
CUST2113,SME,Abuja,Basic,Card,7/29/2023,10000,25,27856.91,801,5,4.3,696422.75,0,Not_Churned,,None,26.5,Weekly,72,50000,-0.01,26280.1,981187.12
CUST2114,SME,Enugu,Basic,Cash,1/13/2021,5000,5,54458.85,729,1,4.4,272294.25,0,Not_Churned,,None,57.4,Daily,67,10000,0.03,4743.8,292034.92
CUST2115,SME,Kano,Basic,Card,8/9/2021,20000,127,81247.61,,7,4.8,10318446.47,0,Not_Churned,,None,50.4,Weekly,92,50000,-0.02,204731.08,11131764.96
CUST2116,SME,Ibadan,Standard,Cash,10/30/2021,5000,151,52813.37,749,4,3.1,7974818.87,0,Not_Churned,,None,47.7,Weekly,96,20000,0.23,167186.98,8901765.43
CUST2117,Retail,Abuja,Basic,Transfer,8/11/2024,10000,129,58296.1,553,2,3.5,7520196.9,0,Not_Churned,,None,13.8,Monthly,40,,0.1,544941.8,12056686.54
CUST2118,Retail,Kano,Basic,Wallet,6/18/2022,30000,192,79402.24,726,1,3.1,15245230.08,0,Not_Churned,,None,40,Monthly,80,5000,-0.19,381130.75,17706839.72
CUST2119,Corporate,Ibadan,Premium,Transfer,12/7/2021,30000,37,69513.88,406,7,2.8,2572013.56,0,Not_Churned,,None,46.4,Monthly,91,10000,-0.06,55431.33,3041904.56
CUST2120,Corporate,Abuja,Basic,Card,8/13/2024,20000,8,46841.04,596,6,4.3,374728.32,0,Not_Churned,,None,13.8,Weekly,74,0,0.23,27154.23,495232.21
CUST2121,SME,Port Harcourt,Basic,Transfer,7/21/2021,20000,7,90587.14,720,8,3,634109.98,0,Not_Churned,,None,51.1,Monthly,63,50000,-0.02,12409.2,700537.28
CUST2122,SME,Lagos,Standard,Wallet,4/3/2022,20000,95,24631.04,445,7,3.3,2339948.8,0,Not_Churned,,None,42.5,Monthly,45,10000,0.35,55057.62,2785170.15
CUST2123,SME,Lagos,Standard,Transfer,9/5/2020,30000,56,99596.48,417,3,3.2,5577402.88,0,Not_Churned,,None,61.7,Daily,46,0,0.23,90395.51,6025253.31
CUST2124,Corporate,Kano,Premium,Wallet,12/29/2020,20000,32,20696.73,796,1,4.1,662295.36,0,Not_Churned,,None,57.9,Monthly,48,10000,-0.03,11438.61,740138.02
CUST2125,Enterprise,Ibadan,Basic,Wallet,9/16/2023,5000,74,11345.5,552,1,4.8,839567,0,Not_Churned,,None,24.8,Daily,76,10000,0.11,33853.51,1115602.84
CUST2126,Enterprise,Lagos,Premium,Transfer,4/23/2024,30000,187,90101.7,663,1,4,16849017.9,0,Not_Churned,,None,17.5,Weekly,55,0,0.2,962801.02,28174309.65
CUST2127,Corporate,Ibadan,Standard,Cash,4/7/2023,10000,61,32045.82,473,5,3.4,1954795.02,0,Not_Churned,,None,30.2,Monthly,73,0,-0.08,64728.31,2195518.25
CUST2128,Corporate,Ibadan,Premium,Card,4/2/2024,30000,112,75672.97,815,6,4.3,8475372.64,0,Not_Churned,,None,18.2,Daily,74,20000,-0.05,465679.82,11802061.67
CUST2129,Corporate,Kano,Standard,Cash,12/25/2023,5000,148,82991.38,544,5,3.9,12282724.24,0,Not_Churned,,None,21.5,Daily,74,50000,0.1,571289.5,16034061.7
CUST2130,Corporate,Kano,Premium,Cash,7/12/2021,5000,28,87308.78,501,1,2.2,2444645.84,0,Not_Churned,,None,51.4,Daily,59,,0.35,47561.2,2940146.41
CUST2131,Corporate,Kano,Premium,Transfer,4/11/2024,20000,173,99243.48,734,3,2.3,17169122.04,0,Not_Churned,,None,17.9,Weekly,97,10000,0.01,959168.83,27818460.96
CUST2132,Corporate,Lagos,Basic,Card,10/25/2021,30000,81,36463.57,734,2,2.1,2953549.17,0,Not_Churned,,None,47.9,Monthly,62,5000,0.04,61660.73,3641875
CUST2133,SME,Kano,Premium,Card,8/1/2022,30000,179,73921.9,520,3,3.4,13232020.1,0,Not_Churned,,None,38.5,Weekly,99,5000,-0.09,343688.83,15423467.17
CUST2134,SME,Lagos,Basic,Cash,3/14/2021,30000,80,20385.99,575,4,4.5,1630879.2,0,Not_Churned,,None,55.4,Daily,81,10000,0.16,29438.25,1799910.43
CUST2135,SME,Kano,Basic,Transfer,1/26/2024,10000,73,46612.84,462,6,2.9,3402737.32,0,Not_Churned,,None,20.4,Weekly,93,20000,0.24,166800.85,4577388.17
CUST2136,SME,Enugu,Basic,Card,1/15/2023,20000,105,86317.45,695,8,3.2,9063332.25,0,Not_Churned,,None,33,Weekly,74,0,0.06,274646.43,10737542.98
CUST2137,Corporate,Ibadan,Basic,Cash,4/23/2024,5000,163,43089.22,483,1,4.7,7023542.86,1,Is_Churned,8/28/2020,Inactive,17.5,Daily,86,10000,0.25,401345.31,10824146.08
CUST2138,Enterprise,Kano,Premium,Card,1/16/2020,5000,96,63198.58,414,7,4.5,6067063.68,0,Not_Churned,,None,69.5,Monthly,85,50000,-0.02,87295.88,6496746.15
CUST2139,Retail,Abuja,Standard,Transfer,6/15/2022,20000,96,55339.61,754,2,4,5312602.56,0,Not_Churned,,None,40.1,Monthly,62,5000,0.22,132483.85,6495438.97
CUST2140,Corporate,Ibadan,Standard,Transfer,3/12/2021,5000,34,68135.64,533,8,2.8,2316611.76,0,Not_Churned,,None,55.4,Weekly,43,5000,-0.04,41816.1,2790927.27
CUST2141,Retail,Ibadan,Standard,Transfer,7/7/2021,5000,22,97560.5,520,9,2.4,2146331,1,Is_Churned,2/15/2023,Poor Service,51.5,Monthly,49,5000,0.27,41676.33,2376351.92
CUST2142,Enterprise,Kano,Premium,Card,5/30/2021,20000,48,15016.2,718,3,2,720777.6,0,Not_Churned,,None,52.8,Daily,82,20000,0.3,13651.09,844893.47
CUST2143,SME,Port Harcourt,Basic,Wallet,5/3/2022,5000,159,61656.54,791,2,2.3,9803389.86,0,Not_Churned,,None,41.5,Monthly,50,50000,0.28,236226.26,10817284.73
CUST2144,Enterprise,Kano,Standard,Card,1/11/2021,30000,103,87672.59,527,9,2.9,9030276.77,0,Not_Churned,,None,57.4,Weekly,79,20000,-0.07,157321.89,9674109.32
CUST2145,Corporate,Ibadan,Premium,Wallet,6/5/2021,10000,158,53324.44,,5,3.7,8425261.52,0,Not_Churned,,None,52.6,Daily,94,0,0.22,160176.07,9072500.79
CUST2146,SME,Abuja,Basic,Transfer,10/15/2022,20000,125,17067.45,766,9,2.2,2133431.25,1,Is_Churned,6/9/2020,Poor Service,36,Daily,94,10000,0.12,59261.98,2385102.3
CUST2147,Corporate,Ibadan,Standard,Cash,1/28/2023,10000,119,60448.54,687,8,2.4,7193376.26,0,Not_Churned,,None,32.5,Daily,48,10000,0.39,221334.65,8287983.06
CUST2148,SME,Abuja,Basic,Wallet,6/2/2021,5000,64,39886.65,700,6,2.5,2552745.6,1,Is_Churned,1/17/2024,Inactive,52.7,Weekly,79,5000,0.02,48439.2,2943430.97
CUST2149,Retail,Lagos,Standard,Transfer,10/29/2021,5000,150,23944.76,777,3,3.9,3591714,0,Not_Churned,,None,47.7,Weekly,51,5000,0.26,75297.99,4337380.39
CUST2150,Retail,Enugu,Standard,Transfer,10/2/2023,30000,60,86413.11,579,2,3.8,5184786.6,0,Not_Churned,,None,24.3,Monthly,56,0,0.02,213365.7,6068486.05
CUST2151,Retail,Ibadan,Standard,Wallet,3/17/2021,20000,35,56943.96,481,9,3.7,1993038.6,0,Not_Churned,,None,55.3,Weekly,71,20000,0.04,36040.48,2383361.79
CUST2152,Enterprise,Kano,Basic,Cash,11/26/2021,5000,105,93994.88,412,3,2.8,9869462.4,0,Not_Churned,,None,46.8,Daily,62,50000,-0.13,210885.95,12101573.53
CUST2153,Corporate,Lagos,Premium,Transfer,2/16/2023,20000,63,82541.49,423,2,3.1,5200113.87,0,Not_Churned,,None,31.9,Weekly,54,0,-0.06,163012.97,6756315.8
CUST2154,Enterprise,Enugu,Basic,Wallet,8/23/2023,20000,128,72367.46,567,2,2.3,9263034.88,0,Not_Churned,,None,25.6,Weekly,90,10000,-0.1,361837.3,11735719.61
CUST2155,Retail,Kano,Standard,Cash,2/26/2021,20000,134,10452.3,669,8,2.7,1400608.2,0,Not_Churned,,None,55.9,Monthly,67,10000,-0.1,25055.6,1476126
CUST2156,Corporate,Port Harcourt,Basic,Cash,9/5/2021,20000,101,48504.11,469,3,4.7,4898915.11,1,Is_Churned,4/25/2021,Switched to Competitor,49.5,Daily,91,20000,-0.19,98967.98,5850282.77
CUST2157,Retail,Kano,Premium,Transfer,5/18/2024,20000,171,27773.77,717,8,4.9,4749314.67,0,Not_Churned,,None,16.7,Monthly,77,0,0.28,284390.1,7852259.59
CUST2158,Enterprise,Abuja,Basic,Card,6/6/2024,10000,193,91971.81,775,9,3.9,17750559.33,0,Not_Churned,,None,16,Monthly,44,50000,0.08,1109409.96,24426519.65
CUST2159,Enterprise,Abuja,Premium,Card,3/12/2024,30000,111,25712.56,488,4,4.8,2854094.16,0,Not_Churned,,None,18.9,Monthly,79,0,0.28,151010.27,4282936.37
CUST2160,Enterprise,Port Harcourt,Premium,Transfer,9/16/2021,20000,195,35745.4,588,6,3.9,6970353,0,Not_Churned,,None,49.2,Daily,57,0,0.17,141673.84,7474489.16
CUST2161,Retail,Lagos,Basic,Cash,5/6/2021,10000,22,56515.31,656,4,,1243336.82,0,Not_Churned,,None,53.6,Monthly,92,20000,0.3,23196.58,1461047.12
CUST2162,Corporate,Enugu,Standard,Transfer,4/22/2021,5000,149,33702.73,616,0,5,5021706.77,0,Not_Churned,,None,54.1,Daily,60,50000,0.1,92822.68,5357240.25
CUST2163,Corporate,Kano,Premium,Wallet,8/30/2023,20000,171,28887.82,849,1,2.3,4939817.22,1,Is_Churned,5/22/2020,Poor Service,25.4,Monthly,54,10000,-0.14,194480.99,6551029.34
CUST2164,Retail,Abuja,Basic,Card,7/5/2021,5000,75,63918.94,781,4,4,4793920.5,0,Not_Churned,,None,51.6,Monthly,42,,0.17,92905.44,5572280.58
CUST2165,Corporate,Lagos,Premium,Wallet,5/13/2021,20000,110,18003.66,431,5,2.8,1980402.6,0,Not_Churned,,None,53.4,Daily,85,50000,0.21,37086.19,2192513.63
CUST2166,Retail,Port Harcourt,Standard,Transfer,2/12/2024,10000,58,15235.1,540,6,3.2,883635.8,0,Not_Churned,,None,19.9,Weekly,65,10000,0.18,44403.81,1048467.4
CUST2167,Corporate,Ibadan,Basic,Transfer,1/12/2020,10000,98,43502.08,560,1,3.9,4263203.84,1,Is_Churned,8/19/2021,Inactive,69.6,Monthly,54,20000,0.28,61252.93,4970308.55
CUST2168,SME,Abuja,Basic,Cash,8/12/2024,10000,80,74859.8,431,9,3.3,5988784,0,Not_Churned,,None,13.8,Weekly,84,50000,0.24,433969.86,9382513.71
CUST2169,SME,Port Harcourt,Basic,Cash,2/8/2020,30000,39,59932.61,711,8,2.8,2337371.79,0,Not_Churned,,None,68.7,Monthly,92,50000,0.06,34022.88,2616965.87
CUST2170,Enterprise,Kano,Standard,Cash,8/5/2023,5000,15,48058.88,551,5,3,720883.2,1,Is_Churned,7/10/2020,None,26.2,Weekly,59,10000,0.29,27514.63,955725.85
CUST2171,SME,Enugu,Premium,Wallet,8/20/2024,30000,65,60917.64,746,1,3,3959646.6,1,Is_Churned,1/24/2022,None,13.5,Weekly,98,10000,0.22,293307.16,7191724.77
CUST2172,SME,Abuja,Basic,Cash,8/19/2021,20000,48,42890.63,659,1,4.9,2058750.24,0,Not_Churned,,None,50.1,Weekly,60,0,-0.13,41092.82,2204313.41
CUST2173,SME,Abuja,Premium,Transfer,12/9/2020,5000,125,94253.17,615,2,4.4,11781646.25,1,Is_Churned,4/18/2024,None,58.5,Weekly,65,0,0.12,201395.66,14004971.61
CUST2174,Retail,Kano,Premium,Cash,2/16/2023,10000,72,14941.44,678,0,3.4,1075783.68,0,Not_Churned,,None,31.9,Weekly,80,50000,0.24,33723.63,1249699.54
CUST2175,SME,Ibadan,Standard,Card,5/2/2024,5000,29,70605.23,,8,2.6,2047551.67,0,Not_Churned,,None,17.2,Daily,62,5000,0.13,119043.7,2488198.12
CUST2176,SME,Lagos,Basic,Cash,9/18/2020,10000,180,90215.44,497,9,,16238779.2,0,Not_Churned,,None,61.3,Weekly,88,20000,0.37,264906.68,18600526.56
CUST2177,Enterprise,Enugu,Premium,Wallet,1/12/2021,30000,164,82349.62,804,3,2.5,13505337.68,1,Is_Churned,7/22/2024,Switched to Competitor,57.4,Daily,90,10000,-0.14,235284.63,16279997.83
CUST2178,SME,Abuja,Basic,Card,2/20/2024,30000,88,26563.69,429,4,2.6,2337604.72,0,Not_Churned,,None,19.6,Monthly,64,0,0.23,119265.55,2756844.49
CUST2179,SME,Enugu,Basic,Card,1/2/2020,10000,118,36633.37,489,6,3.1,4322737.66,0,Not_Churned,,None,69.9,Daily,43,,0.29,61841.74,4745431.88
CUST2180,Corporate,Abuja,Standard,Card,6/28/2024,10000,136,74534.31,547,0,4.6,10136666.16,1,Is_Churned,7/5/2022,Poor Service,15.3,Weekly,91,50000,0.22,662527.2,15283217.68
CUST2181,Enterprise,Enugu,Basic,Wallet,12/28/2021,20000,170,17584.35,543,2,2.4,2989339.5,0,Not_Churned,,None,45.7,Daily,49,10000,0.03,65412.24,3334001.08
CUST2182,Enterprise,Port Harcourt,Basic,Transfer,4/14/2023,30000,195,83067.55,466,2,2.4,16198172.25,0,Not_Churned,,None,30,Weekly,61,10000,0.03,539939.07,22594208.98
CUST2183,Enterprise,Abuja,Premium,Cash,12/6/2022,30000,179,74701.63,832,1,3.5,13371591.77,0,Not_Churned,,None,34.3,Daily,42,0,0.15,389842.33,16789990.25
CUST2184,Enterprise,Enugu,Standard,Card,8/2/2020,20000,5,75664.6,756,7,2.8,378323,0,Not_Churned,,None,62.8,Monthly,58,5000,0.04,6024.25,442174.87
CUST2185,Enterprise,Lagos,Basic,Card,8/27/2022,30000,135,19021.72,457,4,3.7,2567932.2,0,Not_Churned,,None,37.7,Weekly,70,10000,0.33,68114.91,3027162.77
CUST2186,Enterprise,Port Harcourt,Premium,Card,9/5/2024,10000,90,74598.45,827,0,3.4,6713860.5,1,Is_Churned,8/30/2023,Poor Service,13,Weekly,48,5000,-0.13,516450.81,9908420.2
CUST2187,Retail,Port Harcourt,Standard,Transfer,7/3/2021,5000,66,71183.63,,1,,4698119.58,0,Not_Churned,,None,51.7,Daily,68,20000,0.18,90872.72,5423140.45
CUST2188,SME,Lagos,Standard,Transfer,7/28/2022,5000,68,84783.02,678,0,2.3,5765245.36,0,Not_Churned,,None,38.7,Daily,76,10000,-0.12,148972.75,6795765.31
CUST2189,Enterprise,Enugu,Premium,Wallet,3/14/2024,30000,149,13743.64,635,5,2.4,2047802.36,0,Not_Churned,,None,18.8,Daily,85,10000,0.12,108925.66,3075465.09
CUST2190,SME,Kano,Premium,Transfer,2/15/2023,20000,130,12079.96,842,8,4.5,1570394.8,0,Not_Churned,,None,31.9,Daily,46,5000,0.23,49228.68,1835853.8
CUST2191,SME,Lagos,Premium,Cash,9/22/2023,10000,109,43570.64,784,6,,4749199.76,0,Not_Churned,,None,24.6,Daily,92,0,-0.1,193056.9,6109540.3
CUST2192,Retail,Enugu,Premium,Wallet,9/29/2021,5000,66,23390.95,,4,2.7,1543802.7,0,Not_Churned,,None,48.7,Weekly,77,50000,0.22,31700.26,1894286.91
CUST2193,Enterprise,Lagos,Premium,Wallet,5/6/2023,10000,39,60254.6,798,2,2.3,2349929.4,0,Not_Churned,,None,29.3,Monthly,63,20000,-0.12,80202.37,3136311.36
CUST2194,Corporate,Lagos,Basic,Cash,2/8/2021,30000,17,92561.4,527,7,2.2,1573543.8,1,Is_Churned,3/6/2021,High Fees,56.5,Daily,47,10000,0.17,27850.33,1699221.92
CUST2195,Retail,Abuja,Basic,Cash,9/22/2024,30000,167,45233.18,736,9,3.8,7553941.06,0,Not_Churned,,None,12.4,Weekly,73,0,0.1,609188.8,14243920.61
CUST2196,Corporate,Enugu,Standard,Cash,6/18/2023,5000,47,86045.53,,3,4.1,4044139.91,0,Not_Churned,,None,27.8,Monthly,98,10000,-0.02,145472.66,5251730.22
CUST2197,SME,Kano,Basic,Wallet,9/17/2024,30000,134,10021.68,835,8,3.1,1342905.12,1,Is_Churned,4/21/2023,None,12.6,Monthly,96,20000,-0.13,106579.77,2314228.86
CUST2198,SME,Abuja,Basic,Wallet,2/20/2022,20000,188,25166.32,585,4,4,4731268.16,1,Is_Churned,9/10/2020,Switched to Competitor,43.9,Daily,65,50000,0.24,107773.76,5340007.57
CUST2199,Retail,Lagos,Basic,Wallet,2/25/2024,30000,115,12738.12,568,5,4.1,1464883.8,0,Not_Churned,,None,19.4,Weekly,99,10000,0.03,75509.47,1991479.09
CUST2200,Retail,Ibadan,Premium,Cash,12/29/2022,30000,132,39533.25,571,4,,5218389,1,Is_Churned,11/16/2021,Inactive,33.5,Weekly,67,5000,-0.15,155772.81,6816822.59
CUST2201,Corporate,Lagos,Standard,Cash,6/28/2021,30000,55,91737.06,659,9,2.2,5045538.3,0,Not_Churned,,None,51.8,Weekly,67,0,0.26,97404.21,5627634.01
CUST2202,Enterprise,Lagos,Standard,Card,9/28/2021,10000,186,18725.69,604,6,2.6,3482978.34,0,Not_Churned,,None,48.8,Weekly,85,50000,-0.06,71372.51,3803123.77
CUST2203,Corporate,Enugu,Standard,Transfer,1/17/2020,10000,148,64576.88,534,6,2.2,9557378.24,0,Not_Churned,,None,69.4,Weekly,93,10000,0.24,137714.38,10439403.35
CUST2204,Retail,Enugu,Standard,Card,11/30/2023,5000,150,50634.63,445,0,4.6,7595194.5,0,Not_Churned,,None,22.3,Monthly,46,50000,0.14,340591.68,8829147.22
CUST2205,Corporate,Abuja,Basic,Cash,10/13/2021,5000,139,94462.14,408,1,4.4,13130237.46,1,Is_Churned,5/27/2025,Switched to Competitor,48.3,Monthly,42,5000,-0.08,271847.57,15702108.15
CUST2206,Retail,Kano,Basic,Wallet,3/24/2020,5000,49,21026.72,560,6,3.7,1030309.28,0,Not_Churned,,None,67.2,Monthly,91,10000,-0.15,15331.98,1096692.13
CUST2207,Corporate,Abuja,Premium,Cash,4/9/2020,30000,168,29082.51,688,7,2.3,4885861.68,0,Not_Churned,,None,66.7,Weekly,61,50000,0.16,73251.3,5293588.2
CUST2208,Retail,Port Harcourt,Standard,Transfer,10/30/2022,10000,173,12658.78,739,3,2.8,2189968.94,0,Not_Churned,,None,35.5,Monthly,94,10000,-0.18,61689.27,2864216.09
CUST2209,Retail,Lagos,Basic,Card,12/9/2021,20000,46,49054.17,787,5,2.9,2256491.82,0,Not_Churned,,None,46.4,Monthly,77,10000,-0.16,48631.29,2638951.61
CUST2210,Retail,Ibadan,Basic,Card,3/15/2023,30000,139,35004.96,720,9,3.7,4865689.44,0,Not_Churned,,None,31,Daily,92,50000,0.22,156957.72,5790491.42
CUST2211,Enterprise,Lagos,Premium,Wallet,11/2/2021,30000,19,88291.53,505,2,2.8,1677539.07,0,Not_Churned,,None,47.6,Monthly,85,10000,0.12,35242.42,1956976.41
CUST2212,Corporate,Lagos,Premium,Card,8/28/2020,30000,64,64444.67,689,6,2.2,4124458.88,0,Not_Churned,,None,62,Daily,83,5000,0,66523.53,4454714.85
CUST2213,Corporate,Abuja,Premium,Card,12/9/2023,20000,44,65268.17,740,2,4.2,2871799.48,1,Is_Churned,7/13/2024,Poor Service,22,Weekly,57,50000,0.12,130536.34,3292982.57
CUST2214,Corporate,Ibadan,Basic,Cash,7/17/2021,5000,169,57871.96,487,6,2.9,9780361.24,0,Not_Churned,,None,51.2,Weekly,51,50000,0.15,191022.68,11391368.62
CUST2215,Retail,Ibadan,Basic,Card,12/31/2022,20000,198,18266.53,591,7,3.4,3616772.94,0,Not_Churned,,None,33.5,Weekly,70,5000,0.14,107963.37,4634557.99
CUST2216,Corporate,Ibadan,Premium,Card,1/24/2022,5000,116,50051.68,552,2,2.4,5805994.88,0,Not_Churned,,None,44.8,Weekly,78,5000,0.19,129598.1,7220951.59
CUST2217,Corporate,Abuja,Standard,Card,6/18/2023,20000,187,99955.47,710,1,4.4,18691672.89,0,Not_Churned,,None,27.8,Monthly,44,5000,0.36,672362.33,25379627.42
CUST2218,Retail,Lagos,Premium,Wallet,4/20/2023,10000,81,85170.64,536,5,3.7,6898821.84,1,Is_Churned,3/17/2025,None,29.8,Daily,83,,0.03,231504.09,9524101.25
CUST2219,SME,Abuja,Premium,Wallet,10/4/2021,30000,109,90411.31,672,3,4.7,9854832.79,1,Is_Churned,11/29/2024,High Fees,48.6,Weekly,80,10000,-0.02,202774.34,12262490.53
CUST2220,Retail,Enugu,Premium,Cash,7/16/2021,30000,111,84090.37,548,7,3.5,9334031.07,0,Not_Churned,,None,51.2,Weekly,68,20000,-0.18,182305.29,11103197.77
CUST2221,Corporate,Enugu,Premium,Card,8/15/2021,30000,126,19273.75,587,1,4.8,2428492.5,0,Not_Churned,,None,50.2,Daily,82,10000,-0.11,48376.34,2951503.86
CUST2222,Retail,Abuja,Basic,Wallet,4/7/2024,5000,84,30470.34,540,3,4.7,2559508.56,0,Not_Churned,,None,18,Daily,75,5000,-0.14,142194.92,3848304.09
CUST2223,SME,Ibadan,Standard,Wallet,9/26/2020,20000,129,10280.95,530,1,3.7,1326242.55,0,Not_Churned,,None,61,Daily,53,20000,0,21741.68,1424915.79
CUST2224,Retail,Lagos,Premium,Cash,2/24/2020,10000,188,37315.91,403,1,4.8,7015391.08,0,Not_Churned,,None,68.2,Daily,97,5000,0.17,102864.97,7492203.2
CUST2225,Corporate,Abuja,Standard,Transfer,2/20/2023,20000,176,19774.67,662,1,3,3480341.92,1,Is_Churned,10/5/2020,Switched to Competitor,31.8,Daily,83,0,-0.17,109444.71,3917281.74
CUST2226,SME,Abuja,Standard,Card,1/15/2024,30000,189,52551.4,425,0,3.1,9932214.6,1,Is_Churned,8/14/2024,High Fees,20.8,Monthly,57,50000,0.24,477510.32,15417267.06
CUST2227,Enterprise,Abuja,Standard,Wallet,5/3/2024,10000,138,70941.47,423,3,2.1,9789922.86,0,Not_Churned,,None,17.2,Daily,46,0,0.04,569181.56,14943728.26
CUST2228,Corporate,Port Harcourt,Premium,Cash,6/6/2021,10000,36,88705.48,665,1,3.8,3193397.28,1,Is_Churned,9/16/2025,Poor Service,52.6,Monthly,62,5000,0.38,60710.97,3807135.62
CUST2229,SME,Enugu,Basic,Cash,1/7/2023,30000,112,77429.54,628,8,4.2,8672108.48,1,Is_Churned,12/3/2022,Inactive,33.2,Daily,72,10000,0.14,261208.09,10234241.64
CUST2230,SME,Ibadan,Premium,Cash,5/17/2024,20000,118,94472.7,668,8,4.3,11147778.6,1,Is_Churned,8/8/2025,Switched to Competitor,16.7,Daily,98,50000,0.26,667531.65,15916488.08
CUST2231,Enterprise,Kano,Standard,Wallet,8/24/2021,30000,150,14850.85,524,6,2.4,2227627.5,1,Is_Churned,7/12/2020,Poor Service,49.9,Weekly,84,10000,0.32,44641.83,2377535.29
CUST2232,Retail,Ibadan,Standard,Card,5/4/2022,20000,72,11096.19,571,5,3.3,798925.68,0,Not_Churned,,None,41.5,Weekly,55,10000,0.33,19251.22,1010709.58
CUST2233,Retail,Kano,Basic,Transfer,4/7/2022,10000,131,69520.43,633,2,2.5,9107176.33,0,Not_Churned,,None,42.4,Weekly,76,50000,0.11,214791.89,11400515.78
CUST2234,Corporate,Port Harcourt,Premium,Card,3/22/2024,10000,139,36041.72,694,6,4,5009799.08,1,Is_Churned,10/1/2021,None,18.6,Weekly,90,,0.04,269344.04,7720289.56
CUST2235,Enterprise,Abuja,Standard,Cash,11/28/2020,30000,118,32815.09,802,0,2.5,3872180.62,1,Is_Churned,3/6/2024,Switched to Competitor,58.9,Weekly,64,0,0.14,65741.61,4103901.51
CUST2236,Retail,Port Harcourt,Basic,Cash,5/20/2022,10000,12,39779.84,834,8,4.7,477358.08,1,Is_Churned,4/18/2020,High Fees,41,Weekly,48,5000,0.04,11642.88,530545.64
CUST2237,Enterprise,Port Harcourt,Standard,Transfer,4/4/2020,5000,68,34281.65,,3,2.7,2331152.2,0,Not_Churned,,None,66.8,Daily,94,10000,-0.06,34897.49,2540800.26
CUST2238,Retail,Lagos,Basic,Card,2/5/2020,10000,139,56029.28,475,5,2.9,7788069.92,0,Not_Churned,,None,68.8,Daily,67,5000,-0.01,113198.69,8395671.09
CUST2239,SME,Enugu,Basic,Cash,5/20/2021,5000,45,49613.36,707,5,4.6,2232601.2,0,Not_Churned,,None,53.1,Weekly,48,5000,-0.06,42045.22,2676015.9
CUST2240,Retail,Kano,Premium,Cash,6/29/2020,10000,44,56118.57,613,2,3.4,2469217.08,0,Not_Churned,,None,64,Weekly,51,20000,-0.04,38581.52,2652615.38
CUST2241,Enterprise,Abuja,Standard,Card,1/31/2024,30000,7,70544.23,830,3,2.1,493809.61,0,Not_Churned,,None,20.3,Weekly,57,0,-0.14,24325.6,683284.7
CUST2242,SME,Kano,Premium,Cash,3/25/2022,30000,149,44841.75,775,9,3.5,6681420.75,0,Not_Churned,,None,42.8,Daily,66,10000,0.06,156107.96,7952518.81
CUST2243,SME,Ibadan,Standard,Card,10/8/2023,5000,198,32617.69,557,2,2.3,6458302.62,0,Not_Churned,,None,24.1,Weekly,65,50000,-0.06,267979.36,8287290.28
CUST2244,SME,Kano,Premium,Cash,9/19/2021,30000,114,24958.05,701,5,5,2845217.7,0,Not_Churned,,None,49.1,Weekly,95,50000,0.07,57947.41,3144585.24
CUST2245,Enterprise,Ibadan,Standard,Card,5/16/2020,10000,118,41452.67,603,0,3.8,4891415.06,0,Not_Churned,,None,65.4,Daily,65,5000,0.28,74792.28,5762195.35
CUST2246,Corporate,Enugu,Premium,Transfer,10/27/2020,10000,116,76762.58,548,7,2.8,8904459.28,0,Not_Churned,,None,60,Daily,49,0,0.07,148407.65,9901846.44
CUST2247,Corporate,Ibadan,Basic,Cash,12/22/2022,30000,184,78103.44,474,7,3.7,14371032.96,0,Not_Churned,,None,33.8,Monthly,97,0,0.37,425178.49,18429697.52
CUST2248,Corporate,Kano,Standard,Transfer,3/6/2022,10000,154,70021.48,779,8,2.2,10783307.92,0,Not_Churned,,None,43.5,Weekly,56,10000,-0.11,247892.14,11937597.61
CUST2249,Enterprise,Kano,Standard,Cash,4/22/2022,20000,8,31062.54,628,5,4.4,248500.32,1,Is_Churned,6/2/2024,Switched to Competitor,41.9,Daily,90,10000,0.31,5930.8,310212.28
CUST2250,SME,Ibadan,Basic,Cash,1/2/2020,20000,138,62927.76,703,0,4.8,8684030.88,0,Not_Churned,,None,69.9,Monthly,71,5000,-0.05,124235.06,9298127.88
CUST2251,Corporate,Port Harcourt,Premium,Wallet,1/6/2022,10000,170,61362.07,461,2,4.6,10431551.9,0,Not_Churned,,None,45.4,Daily,63,5000,0.36,229769.87,12517347.74
CUST2252,Enterprise,Enugu,Standard,Card,2/1/2024,30000,30,53583.96,457,0,3,1607518.8,1,Is_Churned,8/20/2024,Poor Service,20.2,Monthly,82,5000,-0.06,79580.14,2209022.45
CUST2253,Corporate,Lagos,Standard,Transfer,6/7/2024,5000,143,59498.11,673,4,3,8508229.73,0,Not_Churned,,None,16,Monthly,87,20000,0.25,531764.36,10804927.62
CUST2254,Retail,Abuja,Premium,Transfer,4/19/2023,30000,21,54261.16,507,2,2.1,1139484.36,0,Not_Churned,,None,29.8,Weekly,47,0,-0.16,38237.73,1262783.55
CUST2255,Corporate,Kano,Basic,Transfer,11/30/2020,5000,96,60891.07,586,1,4,5845542.72,0,Not_Churned,,None,58.8,Weekly,69,5000,0.18,99413.99,6976549.17
CUST2256,Corporate,Abuja,Premium,Card,7/7/2024,30000,35,74395.54,628,2,3.6,2603843.9,1,Is_Churned,3/24/2023,Poor Service,15,Monthly,65,0,-0.07,173589.59,3320979.7
CUST2257,SME,Lagos,Premium,Wallet,9/8/2020,10000,167,19866.54,447,8,3.4,3317712.18,0,Not_Churned,,None,61.6,Weekly,63,50000,0.2,53858.96,3821000.37
CUST2258,Enterprise,Abuja,Premium,Transfer,8/17/2022,20000,148,77466.32,718,7,4.7,11465015.36,1,Is_Churned,5/23/2025,High Fees,38,Daily,66,50000,0.18,301710.93,14142447.8
CUST2259,SME,Lagos,Standard,Card,1/30/2022,30000,111,22229.75,667,2,2.5,2467502.25,1,Is_Churned,3/28/2022,Poor Service,44.6,Daily,54,0,0.35,55325.16,2803629.06
CUST2260,SME,Ibadan,Basic,Cash,3/2/2022,5000,150,15996.52,614,1,2,2399478,0,Not_Churned,,None,43.6,Monthly,67,50000,0.18,55033.9,2656400.84
CUST2261,SME,Port Harcourt,Basic,Transfer,7/13/2022,20000,115,97847.17,689,4,2.2,11252424.55,0,Not_Churned,,None,39.2,Monthly,50,50000,0.04,287051.65,12574284.39
CUST2262,SME,Kano,Premium,Transfer,5/27/2021,5000,105,96129.26,653,0,,10093572.3,0,Not_Churned,,None,52.9,Daily,78,50000,-0.08,190804.77,11671136.76
CUST2263,SME,Lagos,Standard,Wallet,2/16/2021,10000,116,15439.29,844,3,2.1,1790957.64,0,Not_Churned,,None,56.2,Daily,41,10000,0.19,31867.57,2043421.62
CUST2264,Corporate,Abuja,Premium,Transfer,9/22/2021,20000,66,49892.81,757,7,3.5,3292925.46,0,Not_Churned,,None,49,Monthly,90,10000,-0.13,67202.56,4024318.8
CUST2265,SME,Kano,Standard,Transfer,6/4/2021,5000,116,26762.04,486,0,2.9,3104396.64,1,Is_Churned,10/11/2021,Switched to Competitor,52.6,Daily,48,0,0.3,59018.95,3621404.41
CUST2266,SME,Port Harcourt,Standard,Cash,8/2/2022,30000,159,53681.04,,4,2.5,8535285.36,0,Not_Churned,,None,38.5,Daily,89,0,-0.05,221695.72,10835040.18
CUST2267,Enterprise,Ibadan,Standard,Card,11/5/2023,10000,167,84715.95,424,3,4.3,14147563.65,0,Not_Churned,,None,23.2,Monthly,84,20000,0.11,609808.78,16154881.97
CUST2268,Retail,Kano,Standard,Card,4/15/2022,10000,120,95555.06,,5,2.6,11466607.2,1,Is_Churned,6/21/2021,High Fees,42.1,Weekly,62,10000,0.16,272365.97,13928506.54
CUST2269,Corporate,Lagos,Basic,Wallet,1/14/2020,10000,177,67082.74,787,6,4.1,11873644.98,0,Not_Churned,,None,69.5,Daily,72,0,0.02,170843.81,12745525.29
CUST2270,Corporate,Port Harcourt,Standard,Cash,7/15/2022,30000,39,41851.51,621,8,3,1632208.89,0,Not_Churned,,None,39.1,Weekly,58,10000,0.2,41744.47,1852433.84
CUST2271,Corporate,Abuja,Standard,Card,4/28/2020,30000,32,64299.3,796,0,3.5,2057577.6,0,Not_Churned,,None,66,Weekly,52,20000,-0.05,31175.42,2353282.46
CUST2272,SME,Port Harcourt,Premium,Cash,4/27/2024,20000,107,38080.12,825,9,4.8,4074572.84,0,Not_Churned,,None,17.4,Daily,53,0,-0.18,234170.85,6449275.17
CUST2273,SME,Port Harcourt,Premium,Card,1/4/2021,30000,129,91884.13,448,3,2.1,11853052.77,0,Not_Churned,,None,57.7,Weekly,71,0,0.38,205425.52,13156604.64
CUST2274,SME,Enugu,Basic,Cash,5/12/2020,20000,106,88336.04,733,5,3.5,9363620.24,1,Is_Churned,8/27/2022,Poor Service,65.6,Monthly,88,0,-0.01,142738.11,10806800.99
CUST2275,Enterprise,Port Harcourt,Premium,Wallet,4/1/2024,10000,141,60240.86,839,9,4.6,8493961.26,0,Not_Churned,,None,18.2,Daily,61,0,0.23,466701.17,11757930.24
CUST2276,Retail,Port Harcourt,Standard,Transfer,2/1/2023,20000,147,39231.9,574,6,3.8,5767089.3,0,Not_Churned,,None,32.4,Daily,59,5000,0.1,177996.58,7675000.38
CUST2277,SME,Kano,Premium,Wallet,5/2/2024,5000,25,36405.07,,6,2.8,910126.75,0,Not_Churned,,None,17.2,Weekly,72,,0.2,52914.35,1080729.77
CUST2278,Retail,Abuja,Basic,Card,7/3/2021,10000,56,13007.62,710,7,3.2,728426.72,0,Not_Churned,,None,51.7,Daily,44,10000,-0.13,14089.49,781282.73
CUST2279,Enterprise,Kano,Premium,Wallet,9/28/2022,10000,167,83423.88,673,9,4,13931787.96,0,Not_Churned,,None,36.6,Daily,59,10000,0.11,380649.94,17733402.04
CUST2280,Corporate,Kano,Premium,Transfer,6/30/2023,20000,101,50534.49,434,7,4.7,5103983.49,0,Not_Churned,,None,27.4,Weekly,53,20000,0.04,186276.77,6709094.41
CUST2281,SME,Lagos,Basic,Wallet,2/17/2020,10000,55,39261.96,616,7,2.1,2159407.8,1,Is_Churned,6/8/2020,Poor Service,68.4,Weekly,66,5000,0.07,31570.29,2412954.59
CUST2282,Retail,Kano,Basic,Card,6/21/2024,30000,87,52399.93,608,7,2.2,4558793.91,0,Not_Churned,,None,15.5,Daily,65,10000,0.38,294115.74,7066368.67
CUST2283,Retail,Enugu,Standard,Card,2/6/2022,5000,59,83686.42,559,7,3,4937498.78,1,Is_Churned,4/28/2024,Switched to Competitor,44.4,Daily,71,10000,-0.12,111204.93,6202089.73
CUST2284,SME,Enugu,Premium,Wallet,7/23/2023,20000,81,21215.28,807,5,2.7,1718437.68,0,Not_Churned,,None,26.7,Monthly,69,0,0.25,64360.96,2291239.45
CUST2285,Corporate,Lagos,Standard,Transfer,9/19/2022,20000,131,87189.04,406,8,2.8,11421764.24,1,Is_Churned,9/12/2022,Poor Service,36.9,Monthly,66,0,0,309532.91,14154099.61
CUST2286,Corporate,Ibadan,Premium,Wallet,5/26/2023,10000,176,90775.8,668,2,2.7,15976540.8,0,Not_Churned,,None,28.6,Daily,65,0,-0.03,558620.31,21470704.52
CUST2287,Corporate,Abuja,Premium,Transfer,8/3/2020,30000,197,95203.71,525,5,2.6,18755130.87,0,Not_Churned,,None,62.8,Daily,57,10000,-0.04,298648.58,21980411.95
CUST2288,Enterprise,Abuja,Standard,Cash,3/16/2023,10000,97,45773.92,767,4,2.4,4440070.24,0,Not_Churned,,None,31,Monthly,84,0,0.01,143228.07,5207373.35
CUST2289,Retail,Kano,Premium,Transfer,7/31/2024,10000,92,29542.64,724,7,4.8,2717922.88,1,Is_Churned,11/24/2020,Switched to Competitor,14.2,Weekly,62,10000,0.01,191403.02,4354560.29
CUST2290,Retail,Kano,Premium,Cash,7/4/2021,20000,84,43627.67,755,3,,3664724.28,1,Is_Churned,10/21/2024,None,51.6,Daily,83,20000,-0.04,71021.79,4251064.26
CUST2291,Retail,Ibadan,Premium,Wallet,3/26/2024,10000,157,39962.09,489,3,2.6,6274048.13,0,Not_Churned,,None,18.4,Monthly,86,20000,0.2,340980.88,7710820.69
CUST2292,Enterprise,Kano,Basic,Transfer,1/19/2022,5000,96,25853.85,441,9,2.7,2481969.6,0,Not_Churned,,None,45,Monthly,63,50000,-0.17,55154.88,2905716.42
CUST2293,Retail,Abuja,Standard,Cash,12/28/2023,10000,51,64654,764,9,4.8,3297354,0,Not_Churned,,None,21.4,Daily,43,5000,0,154081.96,3856048.14
CUST2294,Enterprise,Port Harcourt,Basic,Cash,12/1/2022,10000,188,52896.17,558,4,4.3,9944479.96,1,Is_Churned,8/20/2020,Switched to Competitor,34.5,Daily,80,0,-0.03,288245.8,11289041.92
CUST2295,Corporate,Enugu,Standard,Cash,1/18/2020,20000,42,87913.09,,5,4.4,3692349.78,1,Is_Churned,9/2/2023,Inactive,69.4,Monthly,42,0,0.25,53203.89,4289120.32
CUST2296,SME,Port Harcourt,Standard,Card,4/14/2024,10000,143,12889.86,765,3,2.3,1843249.98,1,Is_Churned,9/5/2022,Poor Service,17.8,Daily,93,5000,-0.11,103553.37,2265042.4
CUST2297,Retail,Port Harcourt,Premium,Wallet,7/23/2022,30000,199,67948.11,681,1,4.5,13521673.89,1,Is_Churned,7/31/2024,None,38.8,Weekly,82,5000,0.36,348496.75,16382918.19
CUST2298,Retail,Abuja,Standard,Cash,2/26/2024,20000,19,78665.4,731,1,,1494642.6,1,Is_Churned,4/7/2024,High Fees,19.4,Daily,69,50000,-0.1,77043.43,1950071.39
CUST2299,Corporate,Port Harcourt,Basic,Transfer,4/12/2020,10000,5,78353.79,687,2,2.8,391768.95,0,Not_Churned,,None,66.6,Monthly,86,5000,0.02,5882.42,438815.71
CUST2300,SME,Ibadan,Basic,Cash,2/11/2023,5000,139,89746.66,490,1,3.7,12474785.74,1,Is_Churned,12/3/2022,Inactive,32.1,Monthly,55,10000,-0.08,388622.61,14462497.89
CUST2301,Enterprise,Lagos,Basic,Card,6/16/2020,5000,5,75613.04,524,0,4.5,378065.2,0,Not_Churned,,None,64.4,Daily,46,0,-0.03,5870.58,419155.98
CUST2302,SME,Kano,Standard,Wallet,9/12/2024,20000,53,93502.91,,7,4.3,4955654.23,1,Is_Churned,7/16/2025,High Fees,12.8,Monthly,78,5000,0.26,387160.49,9139310.87
CUST2303,Corporate,Lagos,Basic,Card,9/25/2024,20000,100,39939.09,451,4,,3993909,0,Not_Churned,,None,12.3,Weekly,61,10000,0.09,324708.05,6067479.3
CUST2304,Corporate,Enugu,Standard,Card,3/28/2020,10000,161,55288.85,803,9,4.8,8901504.85,0,Not_Churned,,None,67.1,Daily,80,5000,-0.1,132660.28,9720984.28
CUST2305,SME,Kano,Basic,Card,12/9/2022,30000,30,11267.17,502,0,2.7,338015.1,0,Not_Churned,,None,34.2,Daily,70,10000,-0.17,9883.48,407348.25
CUST2306,Enterprise,Port Harcourt,Basic,Transfer,5/22/2024,10000,91,10626.18,760,8,3.3,966982.38,0,Not_Churned,,None,16.5,Monthly,88,20000,-0.06,58604.99,1195801.74
CUST2307,Enterprise,Enugu,Standard,Wallet,12/30/2022,5000,177,31611.4,823,7,2,5595217.8,0,Not_Churned,,None,33.5,Weekly,52,10000,0.37,167021.43,6678539.48
CUST2308,Retail,Kano,Basic,Wallet,8/31/2020,30000,97,19072.65,586,3,4.6,1850047.05,0,Not_Churned,,None,61.9,Daily,80,50000,0.31,29887.67,1941565.87
CUST2309,Enterprise,Ibadan,Premium,Transfer,9/18/2020,30000,106,33419.02,604,7,2.5,3542416.12,0,Not_Churned,,None,61.3,Monthly,80,10000,0.06,57788.19,3977594.31
CUST2310,SME,Ibadan,Standard,Wallet,10/15/2020,30000,75,25933.9,413,9,4.6,1945042.5,0,Not_Churned,,None,60.4,Daily,91,5000,0.09,32202.69,2287404.4
CUST2311,Corporate,Ibadan,Standard,Card,9/19/2020,10000,144,12566.8,827,6,3,1809619.2,0,Not_Churned,,None,61.2,Weekly,68,20000,0.34,29568.94,2045243.9
CUST2312,Retail,Ibadan,Standard,Wallet,2/17/2020,5000,99,91837.37,503,6,3.1,9091899.63,0,Not_Churned,,None,68.4,Monthly,67,20000,0.15,132922.51,10217690.42
CUST2313,Retail,Port Harcourt,Premium,Transfer,6/2/2022,20000,164,10740.08,516,0,2.1,1761373.12,1,Is_Churned,4/5/2025,Inactive,40.5,Daily,83,10000,0.33,43490.69,1903808.01
CUST2314,Corporate,Lagos,Standard,Card,4/20/2022,10000,122,76247.39,703,5,3,9302181.58,1,Is_Churned,1/7/2023,None,42,Monthly,92,5000,0.1,221480.51,11679915.3
CUST2315,Enterprise,Kano,Basic,Transfer,4/15/2023,20000,152,23693.31,492,3,4.7,3601383.12,0,Not_Churned,,None,30,Monthly,58,20000,-0.08,120046.1,4377484.87
CUST2316,Corporate,Port Harcourt,Basic,Cash,6/18/2023,30000,123,92100.67,826,9,2.1,11328382.41,1,Is_Churned,9/25/2020,None,27.8,Weekly,62,10000,0.24,407495.77,16126104.81
CUST2317,Enterprise,Ibadan,Basic,Card,9/20/2023,30000,55,90351.63,,9,3.2,4969339.65,0,Not_Churned,,None,24.7,Weekly,86,10000,0.12,201187.84,5791028.68
CUST2318,Corporate,Lagos,Standard,Card,2/23/2022,10000,85,68851.1,509,9,2.1,5852343.5,0,Not_Churned,,None,43.8,Daily,89,10000,0.2,133615.15,7389191.3
CUST2319,SME,Enugu,Basic,Wallet,7/15/2022,5000,40,70501.07,562,1,3.1,2820042.8,0,Not_Churned,,None,39.1,Monthly,47,,-0.11,72123.86,3448142.08
CUST2320,Enterprise,Enugu,Standard,Card,8/9/2023,30000,71,10480.52,452,9,2.5,744116.92,0,Not_Churned,,None,26.1,Monthly,64,0,0.19,28510.23,843077.8
CUST2321,SME,Enugu,Basic,Transfer,9/2/2020,20000,133,98638.44,817,6,2.8,13118912.52,0,Not_Churned,,None,61.8,Monthly,77,5000,0.03,212280.14,15612204.82
CUST2322,Retail,Ibadan,Premium,Wallet,1/12/2022,20000,118,89004.93,402,8,4.6,10502581.74,1,Is_Churned,10/30/2022,None,45.2,Daily,96,50000,0,232358,11228667.27
CUST2323,Corporate,Enugu,Premium,Cash,12/20/2022,10000,159,90559.56,467,4,,14398970.04,0,Not_Churned,,None,33.8,Weekly,77,50000,0.2,426005.03,18478522.63
CUST2324,Retail,Abuja,Premium,Transfer,4/25/2023,20000,115,69332.01,645,7,2.8,7973181.15,0,Not_Churned,,None,29.6,Weekly,74,5000,0.16,269364.23,10937741.84
CUST2325,Retail,Kano,Premium,Cash,10/15/2020,5000,172,41030.82,788,4,3.8,7057301.04,1,Is_Churned,10/13/2024,Inactive,60.4,Monthly,65,0,0.19,116842.73,7592709.8
CUST2326,Retail,Kano,Standard,Cash,12/4/2020,30000,146,90428.38,537,6,2.4,13202543.48,0,Not_Churned,,None,58.7,Daily,42,5000,0.38,224915.56,14572327.43
CUST2327,Retail,Ibadan,Basic,Cash,1/15/2021,20000,104,36236.52,,6,2.8,3768598.08,0,Not_Churned,,None,57.3,Monthly,41,10000,0.22,65769.6,4298113.34
CUST2328,Corporate,Abuja,Premium,Card,4/11/2024,20000,113,60644.04,812,8,3.6,6852776.52,0,Not_Churned,,None,17.9,Weekly,44,5000,0.18,382836.68,10343589.98
CUST2329,Retail,Port Harcourt,Standard,Transfer,2/15/2020,30000,124,18975.79,751,2,,2352997.96,0,Not_Churned,,None,68.5,Monthly,59,5000,0.17,34350.34,2725592.4
CUST2330,Corporate,Port Harcourt,Premium,Transfer,11/24/2020,10000,83,92976.01,686,0,4,7717008.83,0,Not_Churned,,None,59,Monthly,51,20000,0.04,130796.76,9005309.09
CUST2331,Corporate,Enugu,Premium,Card,11/29/2022,20000,138,22669.34,465,1,3.5,3128368.92,0,Not_Churned,,None,34.5,Monthly,77,50000,0.3,90677.36,3696914.18
CUST2332,SME,Lagos,Standard,Wallet,8/13/2024,10000,165,30240.71,746,5,4.3,4989717.15,0,Not_Churned,,None,13.8,Weekly,55,50000,0.03,361573.71,8748448.86
CUST2333,Enterprise,Port Harcourt,Standard,Cash,4/6/2022,10000,187,60232.07,724,9,4.8,11263397.09,0,Not_Churned,,None,42.4,Daily,76,10000,0.22,265646.16,14370046.8
CUST2334,Enterprise,Lagos,Basic,Transfer,9/23/2022,20000,23,78768.37,820,9,,1811672.51,0,Not_Churned,,None,36.8,Monthly,77,10000,-0.02,49230.23,2059934.39
CUST2335,Corporate,Kano,Basic,Card,12/18/2021,5000,131,65741.62,554,8,3,8612152.22,0,Not_Churned,,None,46.1,Weekly,75,20000,-0.11,186814.58,9297175.11
CUST2336,SME,Lagos,Premium,Cash,4/13/2022,10000,33,30892.05,486,2,3,1019437.65,0,Not_Churned,,None,42.2,Monthly,85,10000,-0.12,24157.29,1184663.3
CUST2337,Corporate,Kano,Premium,Wallet,11/21/2023,20000,193,10084.87,432,9,2.5,1946379.91,1,Is_Churned,7/25/2023,Switched to Competitor,22.6,Daily,68,0,0.18,86123,2887925.87
CUST2338,Corporate,Abuja,Basic,Wallet,9/6/2023,10000,28,78143.55,467,1,4.4,2188019.4,0,Not_Churned,,None,25.2,Monthly,74,20000,0,86826.17,2565941.12
CUST2339,Corporate,Abuja,Basic,Cash,9/19/2024,30000,155,98668.66,586,0,4.3,15293642.3,0,Not_Churned,,None,12.5,Daily,88,20000,-0.03,1223491.38,28718014.42
CUST2340,SME,Ibadan,Standard,Wallet,3/26/2023,5000,14,82892.18,591,1,3.5,1160490.52,0,Not_Churned,,None,30.6,Weekly,76,5000,0.16,37924.53,1612927.12
CUST2341,Enterprise,Ibadan,Basic,Transfer,5/10/2023,5000,186,51418.6,612,2,3.6,9563859.6,0,Not_Churned,,None,29.1,Daily,93,5000,-0.18,328654.97,10709557.45
CUST2342,SME,Enugu,Basic,Transfer,8/15/2024,30000,109,91339.05,487,6,2.2,9955956.45,0,Not_Churned,,None,13.7,Daily,60,0,-0.05,726712.15,15375272.32
CUST2343,Retail,Port Harcourt,Premium,Transfer,11/18/2020,30000,173,46886.29,827,1,3.7,8111328.17,0,Not_Churned,,None,59.2,Weekly,60,20000,0,137015.68,8927937.52
CUST2344,SME,Enugu,Basic,Wallet,9/16/2022,10000,181,57244.07,750,4,4.4,10361176.67,1,Is_Churned,3/17/2025,High Fees,37,Daily,67,20000,0.23,280031.8,12193457.91
CUST2345,SME,Kano,Premium,Transfer,9/29/2021,30000,149,52941.68,,1,3.7,7888310.32,0,Not_Churned,,None,48.7,Daily,45,5000,0.13,161977.62,9032635.45
CUST2346,SME,Enugu,Basic,Card,1/24/2023,5000,188,50286.15,639,6,2.8,9453796.2,0,Not_Churned,,None,32.7,Weekly,59,50000,0.31,289106.92,12245798.84
CUST2347,SME,Lagos,Standard,Transfer,7/1/2020,30000,177,79767.17,615,9,4,14118789.09,0,Not_Churned,,None,63.9,Daily,99,50000,0,220951.32,15957479.36
CUST2348,Enterprise,Kano,Basic,Transfer,12/6/2023,20000,162,57409.2,576,7,,9300290.4,1,Is_Churned,1/17/2023,Switched to Competitor,22.1,Daily,75,5000,-0.02,420827.62,14203272.96
CUST2349,Retail,Ibadan,Basic,Wallet,8/14/2021,20000,176,38504.54,452,7,3.6,6776799.04,0,Not_Churned,,None,50.3,Monthly,98,10000,-0.18,134727.62,7584475.39
CUST2350,Enterprise,Abuja,Basic,Transfer,6/26/2021,10000,59,33234.24,729,7,3.5,1960820.16,0,Not_Churned,,None,51.9,Daily,52,20000,0.37,37780.74,2258288.45
CUST2351,Enterprise,Ibadan,Premium,Cash,9/16/2021,5000,151,13397.26,448,9,3.1,2022986.26,0,Not_Churned,,None,49.2,Daily,79,0,0.1,41117.61,2447318.37
CUST2352,SME,Port Harcourt,Standard,Card,3/8/2021,20000,161,62487.56,768,8,4.2,10060497.16,0,Not_Churned,,None,55.6,Daily,50,50000,0.1,180944.19,11210805.46
CUST2353,Corporate,Kano,Basic,Wallet,7/20/2022,30000,6,30696.53,513,0,4.7,184179.18,0,Not_Churned,,None,38.9,Weekly,63,10000,0.35,4734.68,218210.48
CUST2354,Corporate,Kano,Premium,Card,7/2/2023,20000,168,23332.05,849,0,2,3919784.4,1,Is_Churned,7/27/2020,Switched to Competitor,27.4,Daily,99,20000,-0.03,143057.82,5230876.42
CUST2355,Enterprise,Lagos,Standard,Cash,8/20/2022,20000,151,68844.7,494,9,4.8,10395549.7,0,Not_Churned,,None,37.9,Weekly,58,10000,0,274288.91,13343249.76
CUST2356,Enterprise,Port Harcourt,Premium,Wallet,11/17/2023,10000,139,71308.83,846,1,3.5,9911927.37,0,Not_Churned,,None,22.8,Weekly,62,20000,0.19,434733.66,12842524.97
CUST2357,SME,Abuja,Premium,Wallet,10/14/2021,30000,158,77693.94,424,5,,12275642.52,1,Is_Churned,11/22/2020,Poor Service,48.2,Daily,70,20000,0.27,254681.38,14258987.58
CUST2358,Enterprise,Kano,Standard,Transfer,1/18/2023,30000,115,55321.92,531,0,4.6,6362020.8,0,Not_Churned,,None,32.9,Daily,76,5000,0.22,193374.49,8639218.16
CUST2359,SME,Kano,Basic,Card,6/4/2020,30000,42,90464.91,578,4,3.4,3799526.22,0,Not_Churned,,None,64.8,Daily,76,5000,0.27,58634.66,3997841.43
CUST2360,Corporate,Lagos,Premium,Cash,5/27/2020,10000,135,94270.85,794,4,4.5,12726564.75,0,Not_Churned,,None,65.1,Daily,99,0,0.15,195492.55,14101671.03
CUST2361,Corporate,Enugu,Premium,Cash,5/19/2023,30000,106,82663.38,544,3,2.5,8762318.28,0,Not_Churned,,None,28.8,Daily,42,0,0.32,304247.16,11416520.74
CUST2362,Retail,Abuja,Basic,Wallet,9/11/2023,30000,198,67203.41,763,4,2.5,13306275.18,0,Not_Churned,,None,25,Daily,73,,0.13,532251.01,14943397.99
CUST2363,Corporate,Ibadan,Basic,Transfer,3/4/2024,20000,99,37334.89,849,0,,3696154.11,0,Not_Churned,,None,19.2,Daily,68,5000,-0.06,192508.03,5307654.01
CUST2364,Enterprise,Port Harcourt,Standard,Wallet,6/29/2023,20000,96,98465.04,597,5,4.6,9452643.84,1,Is_Churned,4/5/2021,High Fees,27.5,Weekly,42,20000,0.13,343732.5,10657701.01
CUST2365,Corporate,Kano,Standard,Wallet,1/21/2023,30000,75,34672.26,724,6,4.7,2600419.5,1,Is_Churned,3/14/2023,Inactive,32.8,Monthly,54,5000,0.23,79281.08,3450156.07
CUST2366,SME,Kano,Standard,Wallet,10/30/2023,5000,175,28239.12,483,7,3.9,4941846,0,Not_Churned,,None,23.4,Weekly,46,20000,0.19,211190,7109452.61
CUST2367,Corporate,Ibadan,Basic,Wallet,8/15/2024,5000,194,49793.87,,1,,9660010.78,0,Not_Churned,,None,13.7,Daily,42,5000,-0.05,705110.28,11980032.53
CUST2368,Retail,Abuja,Premium,Cash,3/5/2020,30000,28,15115.65,484,6,3,423238.2,0,Not_Churned,,None,67.8,Monthly,86,20000,-0.18,6242.45,444707.37
CUST2369,Corporate,Enugu,Premium,Cash,8/21/2023,5000,171,98064.5,652,5,4.9,16769029.5,0,Not_Churned,,None,25.7,Monthly,82,10000,-0.05,652491.42,23152043.37
CUST2370,SME,Kano,Standard,Wallet,5/22/2023,10000,72,62959.02,774,8,3,4533049.44,0,Not_Churned,,None,28.7,Daily,55,,0.39,157945.97,5532200.39
CUST2371,SME,Abuja,Basic,Wallet,1/18/2024,20000,132,60125.69,471,7,,7936591.08,1,Is_Churned,10/1/2020,Poor Service,20.7,Daily,84,50000,-0.09,383410.2,11071058.51
CUST2372,Enterprise,Ibadan,Premium,Transfer,5/4/2024,10000,97,69021.67,622,3,3.6,6695101.99,0,Not_Churned,,None,17.1,Weekly,73,50000,0.08,391526.43,8822247.2
CUST2373,Corporate,Lagos,Standard,Wallet,4/16/2020,20000,48,54732.13,675,8,3.8,2627142.24,1,Is_Churned,3/11/2025,Poor Service,66.4,Monthly,59,20000,0.18,39565.4,2807431
CUST2374,SME,Enugu,Premium,Cash,7/4/2024,5000,137,12885.72,682,0,3.2,1765343.64,0,Not_Churned,,None,15.1,Monthly,83,10000,0.33,116910.17,2427603.91
CUST2375,Retail,Port Harcourt,Premium,Card,8/14/2021,5000,59,65108.02,663,5,4.9,3841373.18,0,Not_Churned,,None,50.3,Daily,92,20000,0.26,76369.25,4240053.09
CUST2376,Enterprise,Kano,Basic,Cash,3/16/2024,30000,162,74455.65,645,7,3.7,12061815.3,0,Not_Churned,,None,18.8,Daily,78,10000,0.35,641585.92,16575222.72
CUST2377,Retail,Abuja,Basic,Transfer,9/9/2021,5000,33,47507.42,740,3,4.8,1567744.86,0,Not_Churned,,None,49.4,Monthly,72,0,0.16,31735.73,1876219.07
CUST2378,Corporate,Lagos,Premium,Cash,10/22/2020,5000,158,78156.6,460,1,2,12348742.8,1,Is_Churned,7/7/2023,None,60.1,Monthly,53,5000,0.32,205469.93,13989864.96
CUST2379,Corporate,Port Harcourt,Standard,Card,9/26/2021,30000,158,30430.12,811,1,3.7,4807958.96,1,Is_Churned,4/6/2022,Inactive,48.8,Daily,95,10000,-0.04,98523.75,5643697.03
CUST2380,Corporate,Abuja,Basic,Wallet,7/15/2022,30000,41,29914.89,658,9,4.2,1226510.49,0,Not_Churned,,None,39.1,Daily,81,20000,0.06,31368.55,1453327.11
CUST2381,Enterprise,Abuja,Premium,Card,8/25/2023,20000,119,24527.53,406,0,4.2,2918776.07,0,Not_Churned,,None,25.6,Daily,74,,0.31,114014.69,3594039.78
CUST2382,SME,Port Harcourt,Basic,Wallet,2/1/2022,5000,185,43479.53,587,4,4.7,8043713.05,0,Not_Churned,,None,44.6,Weekly,50,20000,0,180352.31,8817709.29
CUST2383,Enterprise,Lagos,Basic,Wallet,12/6/2020,20000,162,86231.08,403,5,2,13969434.96,0,Not_Churned,,None,58.6,Weekly,93,50000,0.32,238386.26,15445305.42
CUST2384,Retail,Ibadan,Basic,Cash,11/10/2020,20000,7,84512.09,630,3,2,591584.63,0,Not_Churned,,None,59.5,Daily,59,50000,0.02,9942.6,680936.73
CUST2385,Enterprise,Lagos,Premium,Cash,1/2/2021,10000,126,44454.18,532,3,,5601226.68,0,Not_Churned,,None,57.7,Weekly,69,5000,0.02,97074.99,6533534.82
CUST2386,Retail,Enugu,Standard,Cash,6/4/2024,5000,47,63020.69,,4,2.1,2961972.43,0,Not_Churned,,None,16.1,Monthly,92,5000,-0.01,183973.44,4290745.19
CUST2387,Enterprise,Kano,Standard,Transfer,12/22/2020,5000,11,74873.47,524,4,4.9,823608.17,0,Not_Churned,,None,58.1,Monthly,97,0,0.13,14175.7,948424.86
CUST2388,SME,Port Harcourt,Standard,Cash,12/26/2023,10000,129,31708.61,414,8,2.7,4090410.69,1,Is_Churned,11/15/2024,Switched to Competitor,21.5,Daily,67,50000,-0.12,190251.66,5021667.78
CUST2389,Retail,Ibadan,Basic,Transfer,9/3/2022,20000,53,25132.7,847,7,3.4,1332033.1,0,Not_Churned,,None,37.4,Monthly,54,10000,-0.18,35615.86,1714568.76
CUST2390,Corporate,Port Harcourt,Premium,Cash,8/25/2021,5000,125,97488.64,412,8,2.2,12186080,0,Not_Churned,,None,49.9,Monthly,77,50000,0.34,244210.02,14821943.28
CUST2391,Corporate,Port Harcourt,Basic,Wallet,5/18/2023,20000,77,65580.16,517,2,3.6,5049672.32,0,Not_Churned,,None,28.9,Monthly,89,5000,0.36,174729.15,6077595.52
CUST2392,Enterprise,Lagos,Standard,Transfer,6/23/2022,10000,45,98327.41,639,2,3.1,4424733.45,0,Not_Churned,,None,39.8,Monthly,52,20000,-0.15,111174.21,5306279.47
CUST2393,Corporate,Kano,Standard,Card,2/24/2024,30000,110,40398.04,662,0,2.1,4443784.4,0,Not_Churned,,None,19.5,Monthly,86,0,0.13,227886.38,6371693.67
CUST2394,Retail,Enugu,Premium,Transfer,5/5/2020,20000,81,73272.85,759,9,3,5935100.85,0,Not_Churned,,None,65.8,Weekly,74,50000,0.12,90199.1,6589212.96
CUST2395,Corporate,Abuja,Basic,Transfer,3/18/2021,5000,186,30034.33,405,5,3.2,5586385.38,1,Is_Churned,6/25/2022,Switched to Competitor,55.2,Weekly,86,10000,0.02,101202.63,6719882.91
CUST2396,SME,Abuja,Standard,Card,6/12/2024,30000,131,33508.02,839,3,5,4389550.62,1,Is_Churned,6/12/2020,Switched to Competitor,15.8,Daily,63,10000,0.14,277819.66,7072580.8
CUST2397,SME,Port Harcourt,Premium,Transfer,11/17/2020,20000,95,56071.19,719,7,2.6,5326763.05,1,Is_Churned,9/20/2024,None,59.3,Monthly,95,10000,0.07,89827.37,6139933.79
CUST2398,Enterprise,Kano,Basic,Wallet,7/30/2024,20000,159,38765.63,630,1,3.6,6163735.17,0,Not_Churned,,None,14.2,Weekly,40,0,0.09,434065.86,9497725.2
CUST2399,Retail,Ibadan,Basic,Cash,7/14/2022,30000,12,25085.94,833,1,5,301031.28,0,Not_Churned,,None,39.1,Weekly,81,10000,0.25,7699.01,330007.48
CUST2400,SME,Lagos,Standard,Card,4/23/2023,30000,36,33659.26,429,6,4.4,1211733.36,0,Not_Churned,,None,29.7,Weekly,63,10000,0.12,40799.1,1373721.71
CUST2401,SME,Kano,Standard,Cash,8/5/2023,30000,68,13217.36,421,4,5,898780.48,0,Not_Churned,,None,26.2,Monthly,66,50000,-0.01,34304.6,1094010.73
CUST2402,Retail,Kano,Basic,Wallet,8/23/2021,5000,142,73398.13,,0,4.9,10422534.46,0,Not_Churned,,None,50,Weekly,57,0,0.15,208450.69,11444714.24
CUST2403,Corporate,Lagos,Basic,Card,7/23/2023,5000,17,54290.5,555,6,3.5,922938.5,0,Not_Churned,,None,26.7,Daily,97,20000,0.18,34566.99,1322974.76
CUST2404,Corporate,Port Harcourt,Standard,Cash,3/13/2020,20000,195,18481.88,517,6,4.1,3603966.6,0,Not_Churned,,None,67.6,Daily,65,20000,0.2,53313.12,3960541.73
CUST2405,Enterprise,Kano,Basic,Cash,11/29/2020,20000,97,25452.46,739,9,2.3,2468888.62,0,Not_Churned,,None,58.9,Monthly,68,,0.17,41916.61,2925337.11
CUST2406,Corporate,Abuja,Standard,Wallet,3/7/2020,10000,167,19228.11,822,5,3.3,3211094.37,1,Is_Churned,10/13/2020,Switched to Competitor,67.8,Daily,47,5000,0.2,47361.27,3701885.55
CUST2407,Retail,Lagos,Basic,Cash,2/24/2023,5000,65,65133.35,788,3,,4233667.75,0,Not_Churned,,None,31.6,Weekly,83,0,-0.01,133976.83,5615388.62
CUST2408,SME,Ibadan,Standard,Wallet,5/31/2023,20000,186,18478.93,592,7,3.5,3437080.98,1,Is_Churned,4/10/2024,High Fees,28.4,Monthly,65,5000,0.07,121023.98,4035105.02
CUST2409,Corporate,Enugu,Premium,Transfer,8/31/2023,30000,12,77885.41,798,1,4.1,934624.92,0,Not_Churned,,None,25.4,Daily,44,0,0.2,36796.26,1193151.71
CUST2410,Enterprise,Port Harcourt,Standard,Wallet,4/22/2022,30000,33,11845.98,745,1,4.2,390917.34,0,Not_Churned,,None,41.9,Monthly,72,0,0.25,9329.77,445604.44
CUST2411,Corporate,Lagos,Standard,Transfer,12/29/2022,5000,99,32443.82,594,1,2.8,3211938.18,0,Not_Churned,,None,33.5,Weekly,79,50000,0.06,95878.75,4336950.52
CUST2412,Retail,Enugu,Premium,Card,3/25/2020,30000,45,90160,567,2,4.6,4057200,0,Not_Churned,,None,67.2,Daily,99,10000,0.02,60375,4714725.93
CUST2413,Enterprise,Enugu,Basic,Cash,7/22/2022,10000,162,74667.82,776,5,3.4,12096186.84,0,Not_Churned,,None,38.9,Weekly,44,50000,0.23,310955.96,13728491.99
CUST2414,Corporate,Ibadan,Premium,Wallet,3/3/2023,20000,153,16567.15,638,0,2.6,2534773.95,0,Not_Churned,,None,31.4,Daily,88,5000,-0.07,80725.29,3004731.17
CUST2415,Enterprise,Kano,Standard,Wallet,11/15/2023,20000,15,83901.35,761,1,4.6,1258520.25,0,Not_Churned,,None,22.8,Monthly,86,5000,-0.19,55198.26,1686868.93
CUST2416,Retail,Ibadan,Basic,Cash,4/14/2023,20000,6,54373.16,643,9,3.3,326238.96,0,Not_Churned,,None,30,Daily,75,,0.08,10874.63,386130.4
CUST2417,SME,Kano,Premium,Cash,9/4/2020,5000,182,86210.47,468,1,4.3,15690305.54,0,Not_Churned,,None,61.7,Daily,52,50000,-0.1,254299.93,18340306.69
CUST2418,Retail,Kano,Basic,Card,10/28/2020,30000,173,64066.58,494,0,3.6,11083518.34,0,Not_Churned,,None,59.9,Daily,56,50000,0.03,185033.7,13002888.28
CUST2419,Retail,Lagos,Basic,Card,3/21/2021,10000,198,71364.97,476,2,3.1,14130264.06,0,Not_Churned,,None,55.1,Monthly,52,50000,-0.03,256447.62,16571405.15
CUST2420,Retail,Lagos,Premium,Wallet,5/14/2020,5000,135,99415.14,570,9,4.4,13421043.9,1,Is_Churned,4/5/2022,Switched to Competitor,65.5,Daily,64,20000,0.27,204901.43,15306913.78
CUST2421,Retail,Port Harcourt,Basic,Card,6/28/2021,20000,84,30910.2,400,6,3.8,2596456.8,0,Not_Churned,,None,51.8,Weekly,97,50000,0,50124.65,2993730.49
CUST2422,SME,Kano,Premium,Transfer,2/25/2024,10000,183,66155.1,805,0,3.2,12106383.3,0,Not_Churned,,None,19.4,Monthly,41,50000,0.18,624040.38,15928013.1
CUST2423,SME,Enugu,Standard,Card,10/20/2020,20000,91,51428.93,461,6,2.3,4680032.63,1,Is_Churned,12/14/2020,Switched to Competitor,60.2,Monthly,63,50000,0.2,77741.41,5498840.09
CUST2424,Enterprise,Abuja,Basic,Card,1/23/2023,20000,157,13550.68,606,4,4.7,2127456.76,1,Is_Churned,12/19/2020,High Fees,32.7,Weekly,75,50000,0.07,65059.84,2825515.64
CUST2425,Corporate,Port Harcourt,Standard,Wallet,3/20/2024,5000,162,11302.36,553,8,2.1,1830982.32,0,Not_Churned,,None,18.6,Monthly,64,5000,-0.15,98439.91,2170165.42
CUST2426,SME,Lagos,Standard,Transfer,9/12/2021,20000,110,20730.57,673,1,4.6,2280362.7,0,Not_Churned,,None,49.3,Daily,73,10000,0.22,46254.82,2585069.71
CUST2427,SME,Ibadan,Basic,Card,6/10/2020,10000,143,68418.26,447,0,3.1,9783811.18,0,Not_Churned,,None,64.6,Monthly,51,5000,-0.15,151452.19,10274463.29
CUST2428,Corporate,Port Harcourt,Premium,Transfer,8/25/2024,20000,21,61044.68,536,8,3.9,1281938.28,0,Not_Churned,,None,13.4,Weekly,58,50000,-0.14,95667.04,2291732.31
CUST2429,SME,Port Harcourt,Basic,Transfer,1/29/2023,30000,158,59808.66,400,7,4.8,9449768.28,0,Not_Churned,,None,32.5,Monthly,89,0,-0.08,290762.1,10785482.59
CUST2430,Retail,Port Harcourt,Standard,Transfer,5/6/2023,20000,27,12867.11,634,9,2.5,347411.97,0,Not_Churned,,None,29.3,Weekly,81,0,-0.03,11857.06,454893.75
CUST2431,Retail,Port Harcourt,Standard,Cash,3/3/2023,5000,188,52237.27,792,5,3.7,9820606.76,1,Is_Churned,9/3/2023,None,31.4,Monthly,69,20000,0.31,312758.18,11764831.28
CUST2432,Corporate,Abuja,Premium,Cash,7/25/2023,10000,184,93216.05,655,4,4.3,17151753.2,0,Not_Churned,,None,26.6,Weekly,76,5000,0.2,644802.75,23821972.64
CUST2433,Enterprise,Ibadan,Basic,Cash,1/15/2024,5000,52,45783.27,806,7,4.3,2380730.04,1,Is_Churned,9/9/2022,Poor Service,20.8,Monthly,82,20000,0.03,114458.18,3249145.2
CUST2434,Enterprise,Ibadan,Standard,Cash,9/6/2022,30000,24,66243.02,506,7,3.6,1589832.48,1,Is_Churned,1/24/2025,Inactive,37.3,Daily,40,20000,0.39,42622.85,1842143.27
CUST2435,Corporate,Ibadan,Standard,Wallet,12/24/2021,20000,6,80183.68,572,4,3.9,481102.08,0,Not_Churned,,None,45.9,Weekly,99,0,-0.05,10481.53,543098.76
CUST2436,Corporate,Kano,Standard,Card,8/14/2020,5000,92,80553.28,529,6,4.3,7410901.76,0,Not_Churned,,None,62.4,Weekly,42,5000,0.17,118764.45,8116641.04
CUST2437,Retail,Enugu,Premium,Cash,7/11/2023,5000,35,56735.21,797,0,4.5,1985732.35,0,Not_Churned,,None,27.1,Monthly,88,10000,0.31,73274.26,2725598.25
CUST2438,Enterprise,Ibadan,Standard,Wallet,11/11/2021,5000,159,87215.68,693,3,4.3,13867293.12,1,Is_Churned,12/9/2020,None,47.3,Monthly,65,5000,0.28,293177.44,16623172.69
CUST2439,SME,Port Harcourt,Standard,Card,9/28/2020,5000,134,45224.03,439,1,3.1,6060020.02,0,Not_Churned,,None,60.9,Monthly,54,20000,-0.15,99507.72,6644421.72
CUST2440,Retail,Port Harcourt,Basic,Cash,5/10/2022,30000,82,89982.39,846,9,5,7378555.98,0,Not_Churned,,None,41.3,Daily,85,50000,0.22,178657.53,8702742.88
CUST2441,Corporate,Ibadan,Basic,Card,8/23/2021,30000,8,31620.44,737,2,3.3,252963.52,0,Not_Churned,,None,50,Monthly,95,20000,-0.05,5059.27,271608.83
CUST2442,Enterprise,Ibadan,Standard,Cash,11/21/2023,20000,145,35219.48,,0,2.1,5106824.6,1,Is_Churned,8/7/2024,Switched to Competitor,22.6,Weekly,86,5000,0.01,225965.69,7467601.69
CUST2443,SME,Port Harcourt,Standard,Wallet,12/11/2021,20000,167,14780.86,,1,3.1,2468403.62,1,Is_Churned,12/25/2023,Poor Service,46.3,Monthly,87,0,0.09,53313.25,2755953.46
CUST2444,SME,Kano,Basic,Transfer,4/12/2021,10000,132,81602.37,772,0,2.4,10771512.84,0,Not_Churned,,None,54.4,Daily,67,5000,0.27,198005.75,12950175.27
CUST2445,Retail,Lagos,Premium,Transfer,9/28/2021,30000,198,47534.97,748,7,2.4,9411924.06,0,Not_Churned,,None,48.8,Monthly,43,10000,-0.1,192867.3,11026449.24
CUST2446,Enterprise,Lagos,Premium,Card,10/31/2020,5000,138,30620.5,602,3,2.8,4225629,0,Not_Churned,,None,59.8,Monthly,58,50000,-0.13,70662.69,4798730.23
CUST2447,Enterprise,Ibadan,Premium,Wallet,2/5/2022,5000,35,30861.12,533,2,2.2,1080139.2,0,Not_Churned,,None,44.4,Weekly,63,50000,-0.11,24327.46,1188748.41
CUST2448,Corporate,Abuja,Premium,Transfer,12/17/2023,10000,142,91125.99,658,0,,12939890.58,1,Is_Churned,3/9/2025,Inactive,21.8,Monthly,96,20000,-0.07,593572.96,15092078.19
CUST2449,Enterprise,Ibadan,Premium,Cash,10/27/2020,5000,25,85052.49,413,1,2.2,2126312.25,0,Not_Churned,,None,60,Daily,79,5000,-0.16,35438.54,2408883.34
CUST2450,Enterprise,Ibadan,Premium,Transfer,5/23/2020,10000,27,59817.78,465,2,2.6,1615080.06,1,Is_Churned,12/11/2024,Inactive,65.2,Monthly,45,0,0.36,24771.17,1793727.54
CUST2451,Retail,Lagos,Premium,Card,9/19/2022,20000,135,65449.97,,2,2.3,8835745.95,0,Not_Churned,,None,36.9,Monthly,55,10000,-0.01,239451.11,9812023.41
CUST2452,Enterprise,Port Harcourt,Premium,Card,6/12/2021,30000,164,52689.3,741,5,2.2,8641045.2,0,Not_Churned,,None,52.4,Weekly,71,20000,-0.09,164905.44,10375898.03
CUST2453,SME,Ibadan,Basic,Wallet,6/1/2022,10000,152,45249.99,594,9,2.8,6877998.48,0,Not_Churned,,None,40.6,Monthly,69,,0.18,169408.83,8022382.43
CUST2454,Retail,Port Harcourt,Premium,Card,12/7/2021,5000,33,92392.92,513,7,3.7,3048966.36,0,Not_Churned,,None,46.4,Weekly,74,0,0.27,65710.48,3400130.98
CUST2455,Retail,Port Harcourt,Premium,Transfer,11/11/2022,10000,109,21305.14,558,5,4.9,2322260.26,0,Not_Churned,,None,35.1,Weekly,47,5000,0.25,66161.26,2990121.68
CUST2456,Corporate,Abuja,Premium,Transfer,8/9/2020,20000,56,47660.21,560,1,4.6,2668971.76,0,Not_Churned,,None,62.6,Monthly,44,0,0.23,42635.33,3147236.77
CUST2457,Enterprise,Port Harcourt,Standard,Transfer,11/24/2021,5000,119,41010.57,653,1,4.6,4880257.83,0,Not_Churned,,None,46.9,Weekly,76,5000,-0.17,104056.67,5478964.97
CUST2458,Corporate,Lagos,Basic,Transfer,1/27/2024,20000,178,54833.56,784,6,2.5,9760373.68,0,Not_Churned,,None,20.4,Weekly,51,5000,0.27,478449.69,14536999.59
CUST2459,SME,Kano,Basic,Wallet,12/15/2023,20000,166,51186.87,827,0,2.8,8497020.42,0,Not_Churned,,None,21.8,Monthly,64,20000,0.1,389771.58,11955337.74
CUST2460,Retail,Kano,Basic,Cash,5/29/2021,10000,105,56700.06,414,0,2.2,5953506.3,0,Not_Churned,,None,52.8,Monthly,72,5000,0.19,112755.8,7296151.57
CUST2461,Retail,Enugu,Premium,Cash,7/5/2020,20000,88,22592.71,436,6,4.3,1988158.48,0,Not_Churned,,None,63.8,Daily,78,5000,0.37,31162.36,2138857.7
CUST2462,Retail,Ibadan,Premium,Wallet,6/20/2023,5000,65,56182.74,554,8,2.2,3651878.1,0,Not_Churned,,None,27.8,Daily,63,20000,0.29,131362.52,5181740.54
CUST2463,SME,Lagos,Standard,Card,2/8/2021,20000,129,31817.69,831,4,3.7,4104482.01,0,Not_Churned,,None,56.5,Weekly,50,20000,0.3,72645.7,4528547.58
CUST2464,SME,Port Harcourt,Basic,Cash,10/1/2022,20000,75,26589.82,426,0,2.7,1994236.5,0,Not_Churned,,None,36.5,Weekly,81,50000,-0.09,54636.62,2360716.6
CUST2465,Corporate,Kano,Premium,Card,1/26/2024,10000,74,15835.08,411,4,2.7,1171795.92,0,Not_Churned,,None,20.4,Monthly,74,50000,0.09,57440.98,1529620.69
CUST2466,Corporate,Lagos,Basic,Cash,7/31/2023,20000,143,78638.73,466,0,5,11245338.39,1,Is_Churned,7/31/2022,Inactive,26.4,Daily,79,20000,0.37,425959.79,13552360.65
CUST2467,Corporate,Kano,Standard,Card,1/22/2024,30000,112,48469.77,429,9,4.3,5428614.24,1,Is_Churned,3/15/2023,High Fees,20.6,Daily,40,10000,0.15,263524.96,7863322.13
CUST2468,Enterprise,Port Harcourt,Standard,Wallet,6/3/2021,10000,195,66397.93,,8,4.5,12947596.35,0,Not_Churned,,None,52.7,Monthly,47,0,-0.14,245684.94,14987348.35
CUST2469,Retail,Kano,Standard,Transfer,7/8/2021,10000,25,75483.4,614,3,,1887085,0,Not_Churned,,None,51.5,Monthly,62,20000,0.24,36642.43,2097824.1
CUST2470,Retail,Ibadan,Basic,Card,5/28/2020,5000,135,71138.5,593,8,4.6,9603697.5,0,Not_Churned,,None,65,Monthly,59,50000,-0.17,147749.19,10222753.47
CUST2471,Corporate,Ibadan,Premium,Transfer,8/28/2022,5000,86,52345.06,534,1,3.9,4501675.16,0,Not_Churned,,None,37.6,Monthly,71,5000,0.25,119725.4,5202832.57
CUST2472,Retail,Enugu,Premium,Card,5/18/2020,5000,92,44910.87,689,6,4.8,4131800.04,0,Not_Churned,,None,65.4,Daily,50,20000,0.33,63177.37,4538098.83
CUST2473,Corporate,Enugu,Standard,Card,5/9/2023,5000,115,43836.39,431,1,2.8,5041184.85,0,Not_Churned,,None,29.2,Monthly,46,20000,0.06,172643.32,6150570.37
CUST2474,Enterprise,Kano,Premium,Card,1/31/2022,30000,14,67604.39,772,3,3.8,946461.46,0,Not_Churned,,None,44.6,Monthly,97,50000,0.05,21221.11,1078357.83
CUST2475,Enterprise,Lagos,Standard,Card,4/2/2021,10000,159,54531.49,438,5,4.1,8670506.91,0,Not_Churned,,None,54.7,Daily,69,50000,-0.02,158510.18,9215544.51
CUST2476,SME,Ibadan,Basic,Card,12/30/2022,20000,16,86421.9,751,1,,1382750.4,1,Is_Churned,8/2/2024,High Fees,33.5,Monthly,98,10000,0.33,41276.13,1678960.16
CUST2477,Enterprise,Lagos,Standard,Transfer,4/29/2021,5000,11,88723.18,826,1,4.6,975954.98,0,Not_Churned,,None,53.8,Daily,87,50000,0.13,18140.43,1166898.99
CUST2478,Corporate,Lagos,Basic,Card,3/4/2022,5000,149,25350.43,826,1,4.9,3777214.07,1,Is_Churned,10/28/2023,Poor Service,43.5,Daily,78,50000,0.15,86832.51,4178666.64
CUST2479,Enterprise,Kano,Standard,Transfer,10/12/2022,5000,197,22261.03,605,2,3.5,4385422.91,0,Not_Churned,,None,36.1,Monthly,52,50000,0.2,121479.86,4909112.43
CUST2480,SME,Lagos,Premium,Wallet,9/25/2021,20000,196,66736.08,786,4,3.2,13080271.68,0,Not_Churned,,None,48.9,Monthly,81,5000,-0.02,267490.22,15018682.3
CUST2481,Retail,Ibadan,Premium,Cash,5/10/2020,5000,118,37110.32,829,8,3.4,4379017.76,0,Not_Churned,,None,65.6,Weekly,99,20000,0.06,66753.32,4801928.59
CUST2482,Corporate,Port Harcourt,Standard,Card,4/21/2024,20000,30,11671.36,,5,4.6,350140.8,0,Not_Churned,,None,17.6,Weekly,88,,0.24,19894.36,510320.69
CUST2483,Retail,Enugu,Premium,Cash,9/4/2023,10000,19,89977.84,442,8,3.9,1709578.96,0,Not_Churned,,None,25.2,Daily,42,50000,0.39,67840.43,2491349.48
CUST2484,SME,Port Harcourt,Premium,Transfer,4/10/2022,10000,37,30421.07,736,9,2.1,1125579.59,0,Not_Churned,,None,42.3,Daily,46,10000,-0.18,26609.45,1387628.97
CUST2485,SME,Lagos,Premium,Wallet,2/28/2020,10000,66,93635.26,658,4,3.6,6179927.16,0,Not_Churned,,None,68,Weekly,82,50000,-0.17,90881.28,7014537.4
CUST2486,SME,Port Harcourt,Basic,Wallet,7/12/2024,30000,51,74569.1,648,5,2.1,3803024.1,0,Not_Churned,,None,14.8,Daily,52,10000,0.06,256961.09,5535823.9
CUST2487,Retail,Ibadan,Premium,Wallet,1/26/2022,20000,99,78638.81,473,9,4.3,7785242.19,0,Not_Churned,,None,44.8,Weekly,76,20000,0.2,173777.73,8756006.15
CUST2488,Retail,Ibadan,Basic,Cash,3/17/2021,5000,39,28131.53,772,7,3,1097129.67,0,Not_Churned,,None,55.3,Monthly,64,10000,0.03,19839.6,1253116.29
CUST2489,Retail,Lagos,Standard,Transfer,9/19/2021,5000,197,31077.5,718,2,3.4,6122267.5,1,Is_Churned,8/24/2021,Switched to Competitor,49.1,Monthly,62,10000,0.4,124689.77,7489988.77
CUST2490,Retail,Kano,Premium,Card,7/18/2023,5000,80,56914.1,766,1,4.4,4553128,0,Not_Churned,,None,26.8,Monthly,90,0,-0.08,169892.84,6403377.11
CUST2491,SME,Port Harcourt,Premium,Card,10/20/2023,5000,127,25488.99,695,2,2.1,3237101.73,1,Is_Churned,8/22/2020,Poor Service,23.7,Daily,86,10000,-0.2,136586.57,4194523.65
CUST2492,SME,Kano,Premium,Transfer,5/2/2022,30000,87,37488.85,673,8,2.5,3261529.95,0,Not_Churned,,None,41.6,Monthly,72,10000,-0.09,78402.16,3670474.2
CUST2493,Corporate,Kano,Standard,Cash,4/22/2020,5000,29,38931.62,722,5,3.2,1129016.98,1,Is_Churned,9/9/2024,Switched to Competitor,66.2,Daily,44,5000,0.33,17054.64,1214769.6
CUST2494,Corporate,Abuja,Basic,Card,4/23/2023,30000,61,24366.69,,9,2.7,1486368.09,0,Not_Churned,,None,29.7,Monthly,71,20000,-0.11,50046.06,1651815.04
CUST2495,Retail,Lagos,Basic,Transfer,5/7/2023,20000,36,28466.46,589,3,3,1024792.56,0,Not_Churned,,None,29.2,Daily,69,50000,0.09,35095.64,1396244.18
CUST2496,Enterprise,Enugu,Premium,Card,10/9/2023,10000,67,80969.67,537,9,,5424967.89,0,Not_Churned,,None,24.1,Daily,70,0,0.05,225102.4,6636816.13
CUST2497,Enterprise,Ibadan,Standard,Wallet,8/21/2022,5000,16,25047.63,835,2,4.5,400762.08,1,Is_Churned,1/6/2021,None,37.9,Weekly,52,,0.2,10574.2,466649.94
CUST2498,SME,Ibadan,Standard,Card,3/13/2020,10000,67,12561.17,,1,4.7,841598.39,0,Not_Churned,,None,67.6,Weekly,81,,-0.17,12449.68,969617.75
CUST2499,SME,Lagos,Standard,Cash,12/15/2021,20000,81,66641.94,710,3,4.8,5397997.14,0,Not_Churned,,None,46.2,Weekly,44,5000,0.2,116839.76,5874728.42
CUST2500,SME,Enugu,Standard,Transfer,6/26/2023,20000,96,97838.48,829,8,3,9392494.08,1,Is_Churned,12/25/2021,Inactive,27.6,Daily,62,50000,0.01,340307.76,11826071.28
CUST2501,Corporate,Ibadan,Standard,Cash,9/23/2022,5000,5,39809.24,730,3,2.9,199046.2,0,Not_Churned,,None,36.8,Weekly,40,50000,0.36,5408.86,221228.17
CUST2502,Corporate,Lagos,Basic,Transfer,6/8/2024,20000,183,20679.01,843,4,2.7,3784258.83,0,Not_Churned,,None,16,Weekly,49,20000,0.31,236516.18,5434346.44
CUST2503,SME,Ibadan,Basic,Wallet,6/30/2024,10000,74,61334.86,752,7,4.5,4538779.64,0,Not_Churned,,None,15.2,Weekly,89,10000,0.04,298603.92,5561275.9
CUST2504,SME,Kano,Basic,Transfer,10/17/2021,5000,140,91571.88,681,1,4,12820063.2,0,Not_Churned,,None,48.1,Daily,66,5000,0.4,266529.38,14861306.54
CUST2505,SME,Port Harcourt,Premium,Card,4/21/2024,30000,137,80565.56,810,2,2.7,11037481.72,0,Not_Churned,,None,17.6,Daily,93,0,-0.17,627129.64,17409988.93
CUST2506,Enterprise,Port Harcourt,Standard,Card,11/2/2020,5000,90,66026.43,565,5,3.1,5942378.7,0,Not_Churned,,None,59.8,Weekly,47,20000,0.27,99370.88,6845329.03
CUST2507,Corporate,Ibadan,Premium,Wallet,5/16/2024,10000,43,38355.08,677,6,3.5,1649268.44,1,Is_Churned,1/13/2020,Inactive,16.7,Weekly,91,10000,0.06,98758.59,2398107.54
CUST2508,Enterprise,Abuja,Standard,Transfer,3/16/2020,5000,27,58769.22,425,3,3.6,1586768.94,0,Not_Churned,,None,67.5,Daily,42,50000,0.06,23507.69,1832631.97
CUST2509,Enterprise,Enugu,Basic,Wallet,5/13/2023,5000,72,18212.04,818,0,4.7,1311266.88,0,Not_Churned,,None,29,Daily,58,10000,-0.1,45216.1,1539612.35
CUST2510,SME,Enugu,Premium,Card,10/3/2023,10000,184,71105.09,849,6,3.1,13083336.56,0,Not_Churned,,None,24.3,Weekly,90,50000,0.11,538408.91,18724336.34
CUST2511,SME,Enugu,Basic,Cash,11/19/2020,5000,8,75258.64,472,8,4.7,602069.12,1,Is_Churned,6/27/2021,High Fees,59.2,Weekly,41,10000,-0.15,10170.09,657875.37
CUST2512,Retail,Kano,Standard,Wallet,6/3/2024,5000,130,96852.85,514,0,3.3,12590870.5,0,Not_Churned,,None,16.1,Weekly,88,0,0.17,782041.65,17488310.26
CUST2513,Retail,Enugu,Standard,Cash,6/8/2021,10000,179,33435.76,450,0,4.2,5985001.04,1,Is_Churned,3/20/2022,None,52.5,Daily,70,20000,-0.06,114000.02,6458770.52
CUST2514,Enterprise,Port Harcourt,Standard,Cash,5/31/2022,20000,25,11661.08,,0,4.8,291527,0,Not_Churned,,None,40.6,Weekly,87,50000,0.23,7180.47,319644.31
CUST2515,Corporate,Kano,Basic,Transfer,11/16/2023,10000,188,59104.76,801,9,4.7,11111694.88,0,Not_Churned,,None,22.8,Daily,92,0,0.16,487355.04,16662183.25
CUST2516,SME,Lagos,Standard,Wallet,5/16/2024,5000,109,73611.15,570,6,2.2,8023615.35,0,Not_Churned,,None,16.7,Monthly,49,5000,0.25,480456.01,10286469.11
CUST2517,SME,Enugu,Basic,Cash,12/10/2023,30000,70,81136.67,667,8,2.6,5679566.9,0,Not_Churned,,None,22,Weekly,92,0,0.25,258162.13,7228453.26
CUST2518,Enterprise,Enugu,Premium,Cash,7/31/2023,30000,191,27436.5,402,2,3.4,5240371.5,0,Not_Churned,,None,26.4,Monthly,55,0,-0.08,198498.92,6781192.61
CUST2519,Retail,Lagos,Standard,Transfer,12/12/2023,10000,11,33557.76,609,7,3.3,369135.36,0,Not_Churned,,None,21.9,Daily,76,,-0.2,16855.5,472473.22
CUST2520,Corporate,Enugu,Standard,Transfer,7/30/2024,30000,53,56133.18,775,8,3.9,2975058.54,0,Not_Churned,,None,14.2,Monthly,59,50000,0.02,209511.16,5244315.65
CUST2521,Retail,Lagos,Standard,Card,1/30/2023,5000,20,39754.07,790,2,4.8,795081.4,1,Is_Churned,7/21/2023,None,32.5,Weekly,42,5000,0.35,24464.04,1066789.52
CUST2522,Retail,Kano,Premium,Cash,9/5/2024,5000,149,87446.03,789,2,2.3,13029458.47,1,Is_Churned,5/18/2021,Switched to Competitor,13,Monthly,99,20000,0.15,1002266.04,18976819.12
CUST2523,Retail,Port Harcourt,Standard,Card,1/25/2021,10000,88,52638.41,,0,3.4,4632180.08,1,Is_Churned,9/13/2024,None,57,Monthly,74,0,0.24,81266.32,4943287.97
CUST2524,Retail,Lagos,Basic,Cash,12/14/2022,5000,91,81962.08,700,1,2.6,7458549.28,1,Is_Churned,2/17/2024,High Fees,34,Monthly,73,50000,0.33,219369.1,8531576.7
CUST2525,SME,Abuja,Basic,Card,11/14/2021,20000,102,62255.78,782,6,4.7,6350089.56,0,Not_Churned,,None,47.2,Daily,60,50000,0.34,134535.8,7328102.64
CUST2526,SME,Lagos,Standard,Transfer,12/29/2021,5000,79,79578.11,741,2,4.9,6286670.69,0,Not_Churned,,None,45.7,Weekly,75,20000,0.12,137563.91,7056523.64
CUST2527,Retail,Enugu,Standard,Wallet,1/29/2020,10000,38,39940.57,514,6,3.4,1517741.66,1,Is_Churned,5/19/2025,Switched to Competitor,69,Daily,71,10000,0.12,21996.26,1673502.96
CUST2528,Corporate,Kano,Premium,Transfer,3/29/2022,20000,165,84827.5,566,4,2.3,13996537.5,0,Not_Churned,,None,42.7,Monthly,93,5000,0.31,327787.76,17218144.12
CUST2529,Enterprise,Ibadan,Premium,Card,11/23/2021,20000,30,34711.51,834,9,4.4,1041345.3,0,Not_Churned,,None,46.9,Monthly,57,5000,0.28,22203.52,1192012.53
CUST2530,Corporate,Kano,Premium,Card,12/13/2020,30000,70,59148.89,664,7,4.1,4140422.3,0,Not_Churned,,None,58.4,Daily,73,0,0.22,70897.64,4478814.99
CUST2531,Corporate,Ibadan,Standard,Wallet,12/23/2020,5000,129,29260.64,626,4,3.1,3774622.56,0,Not_Churned,,None,58.1,Daily,95,10000,0.16,64967.69,4178832.84
CUST2532,Corporate,Lagos,Premium,Cash,2/4/2022,10000,67,52797.39,550,2,,3537425.13,0,Not_Churned,,None,44.5,Monthly,77,5000,0.17,79492.7,4307457.5
CUST2533,Retail,Port Harcourt,Premium,Card,2/18/2020,30000,91,38635.77,667,8,4.9,3515855.07,0,Not_Churned,,None,68.4,Weekly,42,0,0.02,51401.39,3866235.69
CUST2534,SME,Abuja,Basic,Card,5/25/2023,30000,45,34003.31,515,6,3.7,1530148.95,0,Not_Churned,,None,28.6,Daily,92,10000,0.3,53501.71,1810810.35
CUST2535,Corporate,Kano,Premium,Card,7/8/2024,5000,190,97028.65,487,4,3.7,18435443.5,1,Is_Churned,12/26/2023,Poor Service,15,Monthly,42,50000,0.17,1229029.57,26850246.15
CUST2536,Retail,Enugu,Basic,Wallet,11/30/2021,5000,102,24406.67,717,6,2.9,2489480.34,1,Is_Churned,8/21/2022,Switched to Competitor,46.7,Monthly,66,,-0.07,53307.93,2867607.35
CUST2537,Corporate,Ibadan,Basic,Transfer,3/29/2023,10000,128,80859.33,641,9,,10349994.24,1,Is_Churned,10/18/2024,Poor Service,30.5,Weekly,41,10000,-0.06,339344.07,12273190.97
CUST2538,Corporate,Enugu,Premium,Card,6/26/2024,30000,83,98574.85,,8,3.3,8181712.55,0,Not_Churned,,None,15.4,Monthly,42,20000,0.32,531280.04,14536441.26
CUST2539,Retail,Port Harcourt,Basic,Wallet,8/10/2022,10000,14,11791.13,728,4,2.9,165075.82,1,Is_Churned,5/17/2023,Switched to Competitor,38.2,Daily,56,5000,0.18,4321.36,207894.73
CUST2540,SME,Ibadan,Standard,Card,12/15/2023,30000,19,72912.47,732,6,2.2,1385336.93,1,Is_Churned,6/8/2024,Inactive,21.8,Monthly,85,0,0.04,63547.57,1972014.22
CUST2541,SME,Kano,Standard,Cash,3/3/2021,30000,46,32762.06,439,8,2.8,1507054.76,0,Not_Churned,,None,55.7,Monthly,78,50000,-0.09,27056.64,1796393.22
CUST2542,Enterprise,Lagos,Premium,Wallet,12/21/2023,30000,97,13643.9,581,0,2.6,1323458.3,1,Is_Churned,6/6/2021,Poor Service,21.6,Monthly,93,0,0.17,61271.22,1874762.87
CUST2543,Retail,Enugu,Standard,Card,7/19/2022,5000,189,46260.06,608,3,3.6,8743151.34,0,Not_Churned,,None,39,Monthly,92,5000,-0.09,224183.37,11011623.29
CUST2544,Enterprise,Port Harcourt,Basic,Wallet,2/27/2022,30000,21,94169.6,790,0,3.8,1977561.6,1,Is_Churned,4/30/2020,High Fees,43.7,Weekly,77,5000,0.08,45253.13,2281333.86
CUST2545,Enterprise,Kano,Standard,Card,5/26/2020,30000,192,11058.86,672,7,3.8,2123301.12,0,Not_Churned,,None,65.1,Daily,79,10000,0.21,32615.99,2368030
CUST2546,Enterprise,Kano,Premium,Transfer,7/13/2020,30000,13,62909.71,518,2,3.2,817826.23,0,Not_Churned,,None,63.5,Monthly,58,50000,0.14,12879.15,861910.94
CUST2547,SME,Kano,Premium,Card,5/21/2023,20000,118,55125.68,781,1,3.3,6504830.24,0,Not_Churned,,None,28.8,Daily,58,10000,0.35,225862.16,7752903.29
CUST2548,Retail,Kano,Basic,Wallet,6/10/2021,5000,40,88604.57,833,3,4.5,3544182.8,0,Not_Churned,,None,52.4,Weekly,83,50000,-0.18,67637.08,3971115.79
CUST2549,Enterprise,Ibadan,Premium,Cash,10/18/2022,20000,40,17560.15,423,2,3.4,702406,0,Not_Churned,,None,35.9,Daily,44,0,-0.03,19565.63,871242.48
CUST2550,Retail,Kano,Standard,Cash,9/17/2020,5000,52,71337.34,657,4,5,3709541.68,1,Is_Churned,4/23/2023,Poor Service,61.3,Weekly,44,0,-0.17,60514.55,4143909.4
CUST2551,Retail,Enugu,Premium,Cash,12/16/2020,10000,55,71209.87,491,7,3.3,3916542.85,1,Is_Churned,11/22/2022,Poor Service,58.3,Daily,53,10000,-0.08,67179.12,4485586.41
CUST2552,SME,Port Harcourt,Basic,Card,12/11/2021,20000,101,70217.2,,9,3.9,7091937.2,1,Is_Churned,3/13/2020,Switched to Competitor,46.3,Daily,66,20000,-0.13,153173.59,8534824.17
CUST2553,Enterprise,Ibadan,Premium,Transfer,2/25/2024,10000,123,94810.1,548,7,2.2,11661642.3,0,Not_Churned,,None,19.4,Monthly,88,5000,0.24,601115.58,13696098.7
CUST2554,Enterprise,Kano,Standard,Card,8/16/2023,30000,99,84077.88,516,6,4,8323710.12,1,Is_Churned,3/16/2020,Inactive,25.9,Daily,87,10000,0.02,321378.77,10034891.31
CUST2555,Retail,Abuja,Basic,Cash,3/26/2022,10000,74,13777.55,452,7,4.6,1019538.7,0,Not_Churned,,None,42.8,Monthly,75,10000,0.36,23821,1127641.71
CUST2556,Corporate,Abuja,Standard,Wallet,3/23/2020,10000,78,52397.46,701,4,4.8,4087001.88,1,Is_Churned,4/1/2023,Switched to Competitor,67.2,Monthly,96,0,-0.19,60818.48,4372063.91
CUST2557,SME,Port Harcourt,Basic,Cash,2/16/2022,10000,84,45815.78,444,9,,3848525.52,0,Not_Churned,,None,44.1,Daily,79,5000,0.19,87268.15,4505491.27
CUST2558,SME,Lagos,Premium,Wallet,4/11/2024,10000,72,37913.25,664,9,2.8,2729754,0,Not_Churned,,None,17.9,Monthly,74,10000,0.38,152500.22,4202876.93
CUST2559,SME,Lagos,Basic,Transfer,9/6/2022,5000,154,50620.31,661,5,3.7,7795527.74,1,Is_Churned,12/26/2022,Switched to Competitor,37.3,Daily,60,0,-0.09,208995.38,8935596.07
CUST2560,SME,Ibadan,Basic,Wallet,5/2/2024,20000,81,44577.48,706,7,3.4,3610775.88,1,Is_Churned,9/6/2023,Inactive,17.2,Monthly,44,0,0.07,209928.83,5798243.34
CUST2561,Enterprise,Ibadan,Premium,Card,7/12/2023,5000,120,48910.05,633,0,3.7,5869206,0,Not_Churned,,None,27,Monthly,94,10000,0.22,217378,8267343.72
CUST2562,Enterprise,Ibadan,Standard,Card,1/30/2023,5000,10,98133.57,774,5,2.5,981335.7,1,Is_Churned,8/28/2025,Switched to Competitor,32.5,Weekly,63,,0.18,30194.94,1167179.51
CUST2563,Corporate,Lagos,Premium,Card,3/24/2020,5000,158,17976.97,434,5,4.6,2840361.26,0,Not_Churned,,None,67.2,Weekly,96,0,0.14,42267.28,3226354.84
CUST2564,SME,Abuja,Basic,Wallet,8/11/2020,10000,79,93000.78,737,4,4.7,7347061.62,0,Not_Churned,,None,62.5,Daily,78,10000,0,117552.99,7823556.3
CUST2565,SME,Lagos,Premium,Card,2/6/2024,5000,92,53221.3,836,3,3.3,4896359.6,0,Not_Churned,,None,20.1,Monthly,89,5000,0.24,243599.98,7258367.02
CUST2566,Retail,Enugu,Basic,Card,9/10/2023,20000,7,66136.8,,0,2.8,462957.6,0,Not_Churned,,None,25,Weekly,63,0,0.19,18518.3,546016.05
CUST2567,Enterprise,Kano,Premium,Card,12/28/2021,5000,56,84716.47,596,9,2.4,4744122.32,0,Not_Churned,,None,45.7,Weekly,79,0,-0.1,103810.12,5697799.3
CUST2568,SME,Ibadan,Premium,Transfer,10/23/2020,30000,78,42441.67,424,7,4.1,3310450.26,0,Not_Churned,,None,60.1,Weekly,82,10000,0.38,55082.37,3684850.82
CUST2569,Corporate,Abuja,Standard,Wallet,12/6/2021,10000,129,48737.97,794,5,2.9,6287198.13,0,Not_Churned,,None,46.5,Monthly,85,10000,0.13,135208.56,7822640.9
CUST2570,Corporate,Port Harcourt,Basic,Wallet,4/19/2022,30000,192,46856.66,601,2,4.7,8996478.72,0,Not_Churned,,None,42,Daily,89,10000,0.12,214201.87,10534479.08
CUST2571,Enterprise,Port Harcourt,Standard,Cash,1/12/2020,20000,195,43725.79,,2,4,8526529.05,0,Not_Churned,,None,69.6,Monthly,52,5000,0.31,122507.6,8928124.23
CUST2572,Corporate,Kano,Basic,Wallet,11/4/2020,20000,69,93297.64,435,5,3.9,6437537.16,0,Not_Churned,,None,59.7,Monthly,77,0,0.18,107831.44,7227512.4
CUST2573,Corporate,Abuja,Premium,Transfer,11/30/2022,20000,56,84603.69,622,6,3.7,4737806.64,0,Not_Churned,,None,34.5,Weekly,84,20000,-0.16,137327.73,6132986.21
CUST2574,Enterprise,Lagos,Basic,Wallet,12/30/2023,20000,80,19810,751,7,2.1,1584800,0,Not_Churned,,None,21.3,Monthly,97,5000,0.1,74403.76,2241320.93
CUST2575,SME,Lagos,Standard,Transfer,9/2/2024,5000,146,19731.1,676,4,4.8,2880740.6,0,Not_Churned,,None,13.1,Monthly,40,5000,0.27,219903.86,5452920.12
CUST2576,SME,Enugu,Standard,Transfer,8/14/2022,10000,93,48508.26,417,9,3.9,4511268.18,0,Not_Churned,,None,38.1,Weekly,82,0,0.22,118405.99,5765122.82
CUST2577,Corporate,Enugu,Standard,Wallet,7/6/2022,20000,76,18879.16,587,5,,1434816.16,0,Not_Churned,,None,39.4,Weekly,78,20000,0.38,36416.65,1716643.19
CUST2578,Corporate,Lagos,Basic,Cash,10/31/2021,30000,72,65718.38,801,0,3.6,4731723.36,0,Not_Churned,,None,47.7,Monthly,49,0,-0.19,99197.55,5213692.79
CUST2579,SME,Port Harcourt,Standard,Card,12/25/2022,20000,160,22932.24,656,5,4.1,3669158.4,1,Is_Churned,9/15/2022,Inactive,33.7,Weekly,41,5000,-0.04,108877.1,3999488.31
CUST2580,Enterprise,Ibadan,Standard,Card,8/24/2023,10000,142,57013.59,541,8,2.2,8095929.78,0,Not_Churned,,None,25.6,Daily,55,10000,0.13,316247.26,11835402.4
CUST2581,Corporate,Port Harcourt,Standard,Wallet,2/26/2024,30000,119,10649.8,535,9,3.9,1267326.2,0,Not_Churned,,None,19.4,Daily,76,0,0.17,65326.09,2014975.23
CUST2582,Retail,Enugu,Premium,Wallet,5/15/2023,30000,61,38493.67,849,3,4.3,2348113.87,0,Not_Churned,,None,29,Daily,55,0,-0.04,80969.44,2790797.65
CUST2583,Enterprise,Kano,Premium,Transfer,2/26/2021,30000,70,70947.17,706,9,4.3,4966301.9,0,Not_Churned,,None,55.9,Daily,62,10000,0.3,88842.61,5743136.53
CUST2584,Corporate,Lagos,Basic,Wallet,9/18/2020,5000,94,53563.5,478,0,4.3,5034969,1,Is_Churned,8/29/2020,High Fees,61.3,Daily,65,20000,-0.1,82136.53,5820453.74
CUST2585,Corporate,Enugu,Basic,Transfer,11/14/2021,20000,54,98044.25,843,8,2.7,5294389.5,0,Not_Churned,,None,47.2,Weekly,55,20000,-0.2,112169.27,6214415.49
CUST2586,Retail,Enugu,Standard,Cash,1/27/2021,5000,18,88669.34,817,3,4.9,1596048.12,0,Not_Churned,,None,56.9,Weekly,66,0,0.37,28050.05,1893004.05
CUST2587,Retail,Ibadan,Premium,Wallet,3/3/2020,30000,20,42316.37,691,1,5,846327.4,0,Not_Churned,,None,67.9,Daily,86,10000,0.03,12464.32,892450.57
CUST2588,SME,Lagos,Standard,Card,7/11/2023,5000,186,14093.79,461,0,2.2,2621444.94,0,Not_Churned,,None,27.1,Daily,80,0,0.37,96732.29,3692121.22
CUST2589,Enterprise,Ibadan,Standard,Card,9/14/2024,5000,175,86106.37,528,2,4.8,15068614.75,0,Not_Churned,,None,12.7,Daily,69,10000,-0.03,1186505.1,22814323.07
CUST2590,Enterprise,Lagos,Premium,Wallet,3/8/2023,5000,46,92011.09,740,6,2.9,4232510.14,1,Is_Churned,9/17/2021,Inactive,31.2,Weekly,72,5000,-0.16,135657.38,5226364.74
CUST2591,SME,Ibadan,Premium,Transfer,9/27/2020,20000,114,83856.47,697,9,4.1,9559637.58,1,Is_Churned,1/10/2023,None,61,Weekly,71,10000,0.26,156715.37,10657053.07
CUST2592,Enterprise,Port Harcourt,Premium,Card,8/29/2020,30000,26,21515.49,656,1,3,559402.74,0,Not_Churned,,None,61.9,Monthly,48,0,0.3,9037.2,629726.34
CUST2593,Enterprise,Kano,Basic,Transfer,9/30/2024,30000,72,99812.36,611,8,4.9,7186489.92,1,Is_Churned,3/29/2022,Inactive,12.2,Monthly,50,50000,0.1,589056.55,12124855.07
CUST2594,Enterprise,Kano,Basic,Wallet,4/27/2021,20000,23,33272.58,453,1,2.3,765269.34,0,Not_Churned,,None,53.9,Monthly,76,20000,-0.16,14197.95,898632.14
CUST2595,Enterprise,Lagos,Standard,Wallet,9/13/2022,5000,70,75178.44,,4,3.5,5262490.8,1,Is_Churned,1/22/2025,Inactive,37.1,Monthly,45,0,0.19,141846.11,6358175.72
CUST2596,Enterprise,Abuja,Basic,Card,3/4/2023,5000,171,91723.14,499,7,3.3,15684656.94,1,Is_Churned,9/22/2022,None,31.4,Weekly,69,10000,-0.09,499511.37,20261659.37
CUST2597,Retail,Enugu,Premium,Wallet,8/18/2020,10000,77,31211.84,438,9,3,2403311.68,0,Not_Churned,,None,62.3,Weekly,79,10000,0.31,38576.43,2636493.65
CUST2598,Enterprise,Enugu,Premium,Cash,11/3/2020,10000,151,91743.27,813,7,,13853233.77,0,Not_Churned,,None,59.7,Weekly,54,20000,-0.04,232047.47,16505566.2
CUST2599,Retail,Lagos,Basic,Cash,10/26/2021,10000,148,37853.34,662,2,2.4,5602294.32,0,Not_Churned,,None,47.8,Weekly,98,0,0.31,117202.81,6021971.7
CUST2600,Enterprise,Ibadan,Standard,Card,12/3/2020,20000,58,97877.19,,1,4.1,5676877.02,0,Not_Churned,,None,58.7,Daily,87,50000,0.06,96710,6441840.09
CUST2601,SME,Abuja,Standard,Cash,8/29/2020,30000,157,35313.4,520,8,4.9,5544203.8,0,Not_Churned,,None,61.9,Monthly,69,5000,0.16,89567.11,5883355.85
CUST2602,Corporate,Port Harcourt,Basic,Transfer,6/25/2024,10000,116,95809.22,577,2,4.4,11113869.52,1,Is_Churned,1/9/2022,Inactive,15.4,Weekly,57,50000,0.27,721679.84,16154733.45
CUST2603,Retail,Ibadan,Standard,Card,2/18/2021,30000,22,14819.02,700,7,4.6,326018.44,1,Is_Churned,7/2/2020,Poor Service,56.2,Weekly,51,5000,-0.18,5801.04,356869.78
CUST2604,Enterprise,Ibadan,Standard,Card,3/30/2021,30000,155,73834.48,729,1,3.1,11444344.4,1,Is_Churned,10/30/2021,Switched to Competitor,54.8,Monthly,94,5000,0.29,208838.4,13831812.28
CUST2605,SME,Lagos,Standard,Transfer,4/20/2023,30000,121,57890,519,2,3,7004690,1,Is_Churned,5/6/2023,Switched to Competitor,29.8,Weekly,99,0,-0.12,235056.71,7737521.2
CUST2606,Corporate,Lagos,Premium,Cash,11/4/2022,20000,89,53008.94,471,0,3.6,4717795.66,1,Is_Churned,2/12/2020,High Fees,35.4,Daily,43,5000,0.02,133271.06,5586833.81
CUST2607,Retail,Enugu,Premium,Cash,12/30/2023,20000,143,30114.49,618,5,2.1,4306372.07,0,Not_Churned,,None,21.3,Weekly,96,10000,0.08,202177.09,6335903.43
CUST2608,Corporate,Lagos,Basic,Cash,8/30/2021,20000,43,73503.62,793,6,4.8,3160655.66,0,Not_Churned,,None,49.7,Monthly,93,5000,0.34,63594.68,3459305.93
CUST2609,SME,Lagos,Premium,Card,10/8/2023,20000,109,27172.85,797,3,2.4,2961840.65,0,Not_Churned,,None,24.1,Daily,55,5000,-0.19,122897.95,4232641.51
CUST2610,Retail,Lagos,Standard,Card,3/4/2024,10000,72,59755.76,701,0,4.7,4302414.72,0,Not_Churned,,None,19.2,Daily,62,20000,0.14,224084.1,6708523.52
CUST2611,Corporate,Enugu,Premium,Cash,3/30/2024,5000,29,32792.08,522,2,2.3,950970.32,0,Not_Churned,,None,18.3,Monthly,50,20000,0.19,51965.59,1437993.21
CUST2612,Enterprise,Port Harcourt,Basic,Wallet,10/14/2021,5000,195,96005.92,643,8,4.5,18721154.4,0,Not_Churned,,None,48.2,Monthly,93,0,-0.01,388405.69,20617204.27
CUST2613,Retail,Port Harcourt,Premium,Cash,9/6/2021,5000,162,12576.81,773,4,2.5,2037443.22,1,Is_Churned,2/3/2023,High Fees,49.5,Daily,98,0,-0.03,41160.47,2261699.83
CUST2614,Corporate,Lagos,Standard,Transfer,7/24/2020,10000,177,27975.55,474,5,2.1,4951672.35,1,Is_Churned,1/13/2024,None,63.1,Weekly,63,10000,0.09,78473.41,5304991.84
CUST2615,SME,Enugu,Standard,Card,6/9/2024,5000,127,31807.95,405,3,4.2,4039609.65,0,Not_Churned,,None,15.9,Monthly,61,20000,-0.09,254063.5,5222675.05
CUST2616,SME,Port Harcourt,Basic,Transfer,9/18/2024,10000,125,47266.1,420,0,2.8,5908262.5,1,Is_Churned,6/13/2023,Poor Service,12.6,Daily,78,50000,0.08,468909.72,7468995.96
CUST2617,Retail,Ibadan,Premium,Transfer,12/9/2022,10000,65,30945.72,589,4,4.1,2011471.8,0,Not_Churned,,None,34.2,Monthly,95,0,0.26,58814.96,2641723.08
CUST2618,Corporate,Port Harcourt,Premium,Card,1/1/2020,10000,104,54221.42,624,4,3.7,5639027.68,1,Is_Churned,7/28/2022,High Fees,70,Weekly,54,0,0.31,80557.54,6263874.02
CUST2619,Retail,Port Harcourt,Premium,Wallet,5/23/2021,5000,55,88521.9,802,4,2.3,4868704.5,0,Not_Churned,,None,53,Weekly,88,20000,0.03,91862.35,5415270.19
CUST2620,Retail,Enugu,Standard,Cash,9/14/2022,30000,102,74085.71,502,5,4.8,7556742.42,0,Not_Churned,,None,37.1,Daily,54,20000,0.17,203685.78,8698644.22
CUST2621,Corporate,Ibadan,Basic,Transfer,10/2/2022,5000,141,62196.58,743,1,3.4,8769717.78,1,Is_Churned,2/18/2023,Switched to Competitor,36.5,Weekly,49,10000,-0.2,240266.24,10668365.66
CUST2622,Corporate,Enugu,Premium,Card,4/20/2023,5000,6,18010.29,498,0,4.2,108061.74,0,Not_Churned,,None,29.8,Weekly,67,20000,0.13,3626.23,129602.05
CUST2623,Enterprise,Lagos,Standard,Transfer,12/7/2023,20000,9,72459.29,717,1,3.5,652133.61,0,Not_Churned,,None,22.1,Weekly,75,5000,0.39,29508.31,970040.3
CUST2624,Corporate,Kano,Standard,Cash,9/21/2022,10000,194,24977.29,762,9,3.8,4845594.26,0,Not_Churned,,None,36.8,Monthly,93,50000,-0.01,131673.76,5490613.68
CUST2625,SME,Port Harcourt,Standard,Wallet,3/13/2024,30000,184,80773.06,,5,2.9,14862243.04,0,Not_Churned,,None,18.9,Daily,56,5000,0.16,786362.07,23465607.3
CUST2626,Retail,Kano,Premium,Wallet,4/11/2021,20000,90,32505.11,580,4,2.6,2925459.9,1,Is_Churned,7/11/2022,High Fees,54.4,Daily,75,5000,0.26,53776.84,3408205.76
CUST2627,Retail,Enugu,Premium,Wallet,6/28/2023,30000,137,47534.39,551,4,3.6,6512211.43,0,Not_Churned,,None,27.5,Daily,61,5000,0.17,236807.69,9261468.95
CUST2628,SME,Enugu,Premium,Card,9/11/2020,30000,191,41542.32,455,5,3.3,7934583.12,1,Is_Churned,11/21/2020,High Fees,61.5,Weekly,62,0,0.05,129017.61,8339177.75
CUST2629,Corporate,Enugu,Premium,Card,7/1/2023,10000,72,87293.25,589,9,3.2,6285114,0,Not_Churned,,None,27.4,Monthly,68,5000,-0.11,229383.72,7095265.13
CUST2630,SME,Kano,Premium,Wallet,7/15/2023,5000,13,21389,817,6,4,278057,0,Not_Churned,,None,26.9,Daily,61,0,0.08,10336.69,355665.36
CUST2631,SME,Enugu,Premium,Cash,8/29/2022,10000,97,60908.04,421,8,4.1,5908079.88,0,Not_Churned,,None,37.6,Monthly,50,20000,-0.02,157129.78,7669726.03
CUST2632,Enterprise,Lagos,Premium,Cash,11/29/2023,10000,154,22785.54,467,6,2.1,3508973.16,1,Is_Churned,1/10/2024,Inactive,22.4,Daily,75,50000,0.22,156650.59,5009240.13
CUST2633,SME,Enugu,Premium,Card,4/9/2023,20000,159,73431.63,584,1,3,11675629.17,0,Not_Churned,,None,30.2,Weekly,83,50000,0.07,386610.24,15000177.07
CUST2634,Retail,Abuja,Premium,Wallet,7/24/2024,10000,142,91457.03,409,5,3.2,12986898.26,0,Not_Churned,,None,14.4,Daily,68,5000,0.31,901867.93,15949010.72
CUST2635,SME,Kano,Standard,Cash,1/15/2024,5000,129,49114.69,465,8,2.3,6335795.01,0,Not_Churned,,None,20.8,Daily,94,50000,-0.08,304605.53,8220533.85
CUST2636,Retail,Abuja,Premium,Cash,7/4/2024,30000,65,53928.3,663,6,2.7,3505339.5,0,Not_Churned,,None,15.1,Weekly,81,0,0.05,232141.69,4924346.46
CUST2637,Retail,Enugu,Basic,Cash,3/13/2023,10000,55,93468.06,624,1,2.2,5140743.3,1,Is_Churned,7/25/2022,High Fees,31.1,Weekly,71,20000,0.13,165297.21,6443082.12
CUST2638,Retail,Lagos,Standard,Card,12/12/2022,30000,14,56889.22,522,2,5,796449.08,0,Not_Churned,,None,34.1,Daily,53,5000,-0.12,23356.28,920715.07
CUST2639,Corporate,Port Harcourt,Premium,Wallet,7/15/2021,10000,138,53883.86,437,7,4.2,7435972.68,0,Not_Churned,,None,51.3,Monthly,57,10000,0.15,144950.73,8219344.38
CUST2640,Enterprise,Ibadan,Basic,Transfer,1/28/2020,30000,66,62049.62,522,8,2.3,4095274.92,0,Not_Churned,,None,69.1,Weekly,77,50000,-0.03,59265.92,4604235.81
CUST2641,Retail,Ibadan,Premium,Wallet,10/17/2020,10000,117,72030.68,717,3,2.1,8427589.56,0,Not_Churned,,None,60.3,Daily,76,50000,-0.06,139761.02,10034996.08
CUST2642,Retail,Enugu,Basic,Wallet,1/17/2022,20000,137,19619.5,,8,4.2,2687871.5,0,Not_Churned,,None,45.1,Weekly,73,5000,-0.11,59598.04,3220774.15
CUST2643,Corporate,Lagos,Basic,Card,11/10/2021,30000,126,83899.95,793,1,3.3,10571393.7,0,Not_Churned,,None,47.3,Monthly,96,50000,0.01,223496.7,12585807.91
CUST2644,Retail,Kano,Basic,Cash,2/24/2020,10000,195,49195.45,700,4,4.4,9593112.75,0,Not_Churned,,None,68.2,Daily,84,50000,0.36,140661.48,11263599.29
CUST2645,SME,Abuja,Basic,Cash,12/31/2022,10000,127,16511.37,720,1,4.8,2096943.99,0,Not_Churned,,None,33.5,Daily,62,10000,-0.18,62595.34,2371193.07
CUST2646,SME,Abuja,Standard,Card,6/28/2021,20000,188,80756.44,466,0,3.8,15182210.72,0,Not_Churned,,None,51.8,Monthly,71,0,0.31,293092.87,16150739.86
CUST2647,Enterprise,Abuja,Standard,Card,5/26/2024,20000,191,43925.5,792,4,2.6,8389770.5,1,Is_Churned,7/25/2024,None,16.4,Monthly,85,5000,0.04,511571.37,13356936.92
CUST2648,Retail,Kano,Basic,Card,4/14/2022,20000,67,19033.07,532,1,4.3,1275215.69,1,Is_Churned,7/5/2025,Switched to Competitor,42.2,Daily,42,5000,0.14,30218.38,1485205.78
CUST2649,Corporate,Ibadan,Premium,Card,12/10/2020,30000,115,67040.11,761,6,4.9,7709612.65,0,Not_Churned,,None,58.5,Monthly,94,10000,0.11,131788.25,8613602.29
CUST2650,SME,Lagos,Basic,Card,8/12/2021,30000,93,89211.82,793,7,3.7,8296699.26,0,Not_Churned,,None,50.3,Monthly,82,10000,0.36,164944.32,9125994.87
CUST2651,Corporate,Kano,Standard,Transfer,6/22/2020,20000,191,89897.82,539,1,4,17170483.62,0,Not_Churned,,None,64.2,Daily,98,,0.26,267453.02,19192901.4
CUST2652,Corporate,Abuja,Premium,Wallet,9/12/2022,5000,55,96189.71,481,6,3,5290434.05,1,Is_Churned,6/17/2024,None,37.1,Weekly,61,20000,0.39,142599.3,6285713.13
CUST2653,SME,Enugu,Standard,Wallet,2/6/2020,5000,182,88093.49,457,3,3.1,16033015.18,0,Not_Churned,,None,68.8,Monthly,62,5000,0.28,233038.01,17456655.96
CUST2654,Corporate,Port Harcourt,Standard,Wallet,2/17/2024,10000,136,10192.68,548,0,4.2,1386204.48,1,Is_Churned,8/20/2023,None,19.7,Weekly,43,50000,-0.02,70365.71,1877688.31
CUST2655,SME,Kano,Premium,Cash,11/1/2023,5000,108,44221.7,804,2,4.8,4775943.6,0,Not_Churned,,None,23.3,Weekly,52,0,0.38,204976.12,6098964.61
CUST2656,Corporate,Kano,Basic,Transfer,10/24/2021,10000,127,83668.83,,0,3.9,10625941.41,0,Not_Churned,,None,47.9,Weekly,71,5000,0.39,221835.94,13167974.47
CUST2657,SME,Lagos,Basic,Wallet,5/20/2020,30000,52,42962.77,530,4,4.4,2234064.04,0,Not_Churned,,None,65.3,Monthly,97,0,-0.13,34212.31,2638530.84
CUST2658,Retail,Lagos,Basic,Cash,10/25/2022,30000,36,64139.37,468,7,2.5,2309017.32,0,Not_Churned,,None,35.7,Daily,68,20000,0.34,64678.36,2991963.27
CUST2659,Enterprise,Kano,Basic,Transfer,9/28/2020,5000,124,64568.53,744,0,2.6,8006497.72,0,Not_Churned,,None,60.9,Daily,79,5000,0.2,131469.58,9572790.08
CUST2660,SME,Abuja,Premium,Transfer,5/20/2021,30000,183,42852.28,649,8,3.6,7841967.24,1,Is_Churned,9/20/2020,Poor Service,53.1,Daily,79,50000,0.35,147683,8638196.48
CUST2661,SME,Port Harcourt,Premium,Cash,4/17/2023,20000,184,91402.65,719,2,2.5,16818087.6,1,Is_Churned,12/15/2024,Inactive,29.9,Daily,94,5000,0.35,562477.85,22772661.6
CUST2662,Enterprise,Lagos,Premium,Transfer,4/5/2021,20000,103,55290.55,576,4,3.9,5694926.65,1,Is_Churned,2/22/2021,None,54.6,Daily,84,0,0.33,104302.69,6389547.44
CUST2663,SME,Abuja,Standard,Cash,11/28/2022,5000,78,51830.58,471,8,2.9,4042785.24,0,Not_Churned,,None,34.6,Daily,94,20000,0.33,116843.5,5177946.29
CUST2664,SME,Enugu,Premium,Wallet,1/29/2022,5000,38,99776.24,416,4,4.4,3791497.12,0,Not_Churned,,None,44.7,Weekly,49,0,-0.13,84820.96,4199700.65
CUST2665,Corporate,Lagos,Basic,Cash,7/27/2021,10000,168,54415.03,728,8,4.4,9141725.04,0,Not_Churned,,None,50.9,Weekly,52,0,-0.11,179601.67,10992988.04
CUST2666,Enterprise,Abuja,Standard,Transfer,10/9/2021,30000,74,26055.84,559,9,3.4,1928132.16,0,Not_Churned,,None,48.4,Weekly,84,10000,-0.13,39837.44,2077569.5
CUST2667,Retail,Abuja,Basic,Wallet,12/24/2020,10000,175,56176.25,469,7,,9830843.75,1,Is_Churned,6/3/2025,Poor Service,58,Monthly,95,0,-0.15,169497.31,10752065.14
CUST2668,SME,Port Harcourt,Basic,Wallet,10/16/2021,10000,114,83261.51,512,6,3.9,9491812.14,0,Not_Churned,,None,48.2,Monthly,56,20000,0.01,196925.56,11539359.99
CUST2669,Enterprise,Port Harcourt,Premium,Card,2/20/2024,20000,20,79917.43,631,0,5,1598348.6,0,Not_Churned,,None,19.6,Monthly,77,50000,0.21,81548.4,2391360.59
CUST2670,Corporate,Enugu,Premium,Card,10/5/2021,20000,63,80972.36,420,3,3.9,5101258.68,1,Is_Churned,12/24/2023,Switched to Competitor,48.5,Daily,41,10000,0.01,105180.59,5891293.25
CUST2671,Retail,Abuja,Basic,Transfer,5/20/2022,20000,185,73722.14,534,8,2.1,13638595.9,1,Is_Churned,5/2/2024,Switched to Competitor,41,Weekly,56,0,0.23,332648.68,16650774.57
CUST2672,Enterprise,Ibadan,Basic,Cash,4/18/2024,20000,23,32879.6,662,9,2.1,756230.8,0,Not_Churned,,None,17.7,Monthly,83,5000,0.29,42724.9,955763.11
CUST2673,Retail,Abuja,Standard,Cash,3/26/2024,10000,99,87587.57,510,7,3,8671169.43,0,Not_Churned,,None,18.4,Weekly,65,10000,0.2,471259.21,12917154.91
CUST2674,Retail,Port Harcourt,Premium,Transfer,9/27/2024,20000,117,90409.91,645,3,2.6,10577959.47,1,Is_Churned,7/27/2024,Poor Service,12.3,Daily,94,20000,0.08,859996.7,13219684.81
CUST2675,Retail,Ibadan,Standard,Wallet,8/19/2024,30000,45,27473.74,682,0,4.4,1236318.3,0,Not_Churned,,None,13.6,Weekly,77,5000,-0.02,90905.76,2190732.71
CUST2676,SME,Lagos,Standard,Transfer,1/13/2023,20000,85,21741.01,,9,4.5,1847985.85,1,Is_Churned,9/1/2020,None,33,Daily,76,20000,-0.13,55999.57,2276191.48
CUST2677,SME,Lagos,Standard,Transfer,6/30/2022,20000,179,97804.45,683,3,2.8,17506996.55,0,Not_Churned,,None,39.6,Monthly,44,5000,0.1,442095.87,22588846.95
CUST2678,Corporate,Kano,Basic,Wallet,9/10/2021,20000,107,88149.16,606,2,3,9431960.12,0,Not_Churned,,None,49.4,Daily,64,50000,0.23,190930.37,10826416.11
CUST2679,Corporate,Port Harcourt,Standard,Cash,3/22/2020,5000,58,90391.25,593,5,2.7,5242692.5,0,Not_Churned,,None,67.3,Daily,48,20000,0.13,77900.33,5780031.98
CUST2680,Enterprise,Kano,Standard,Transfer,11/20/2020,30000,187,89773.87,446,4,4.7,16787713.69,1,Is_Churned,3/2/2020,None,59.2,Weekly,99,5000,0.23,283576.24,18787060.69
CUST2681,Corporate,Ibadan,Basic,Cash,4/30/2021,30000,99,58751.81,741,4,,5816429.19,1,Is_Churned,6/24/2025,Inactive,53.8,Daily,67,20000,0,108112.07,6490784.63
CUST2682,Retail,Port Harcourt,Premium,Transfer,10/15/2023,10000,151,68176.16,641,1,4,10294600.16,1,Is_Churned,7/17/2022,Inactive,23.9,Monthly,61,10000,-0.16,430736.41,12232946.67
CUST2683,Retail,Enugu,Premium,Wallet,1/9/2020,10000,66,59082.66,409,2,3.2,3899455.56,0,Not_Churned,,None,69.7,Monthly,68,20000,0.26,55946.28,4491287.05
CUST2684,SME,Abuja,Standard,Wallet,5/29/2022,20000,103,14608.57,769,5,3.9,1504682.71,1,Is_Churned,8/9/2021,Switched to Competitor,40.7,Daily,74,20000,-0.07,36970.09,1745053.64
CUST2685,Retail,Enugu,Basic,Card,6/12/2021,5000,97,77095.28,688,1,3.2,7478242.16,0,Not_Churned,,None,52.4,Weekly,94,5000,0.17,142714.55,8585989.31
CUST2686,Enterprise,Ibadan,Premium,Wallet,12/26/2022,10000,191,55479.88,790,3,3,10596657.08,0,Not_Churned,,None,33.6,Monthly,59,20000,0.28,315376.7,11599234.05
CUST2687,Retail,Port Harcourt,Standard,Card,2/6/2020,10000,69,68293.82,530,1,,4712273.58,0,Not_Churned,,None,68.8,Monthly,44,50000,-0.12,68492.35,4954893.09
CUST2688,Retail,Ibadan,Standard,Transfer,4/10/2023,20000,72,55237.58,669,8,3.8,3977105.76,1,Is_Churned,11/28/2022,Inactive,30.1,Daily,78,0,0.16,132129.76,5083646.15
CUST2689,Enterprise,Abuja,Basic,Cash,9/21/2021,20000,32,54263.02,827,2,2.9,1736416.64,1,Is_Churned,6/19/2023,Poor Service,49,Daily,83,10000,0.21,35437.07,2123143.04
CUST2690,Corporate,Lagos,Standard,Wallet,5/20/2020,10000,22,25461.02,701,9,2.4,560142.44,0,Not_Churned,,None,65.3,Monthly,71,5000,0.25,8577.99,623967.82
CUST2691,Corporate,Lagos,Premium,Wallet,7/24/2023,10000,30,35084.23,460,9,,1052526.9,0,Not_Churned,,None,26.6,Daily,78,20000,-0.11,39568.68,1229983.37
CUST2692,Enterprise,Ibadan,Basic,Wallet,11/12/2021,30000,108,24296.74,563,5,3.2,2624047.92,1,Is_Churned,11/10/2023,Switched to Competitor,47.3,Daily,49,20000,0.3,55476.7,2848459.25
CUST2693,SME,Kano,Premium,Transfer,8/7/2022,5000,151,27609.97,412,0,3.9,4169105.47,0,Not_Churned,,None,38.3,Monthly,79,20000,-0.14,108853.93,5377176.45
CUST2694,Retail,Port Harcourt,Premium,Card,4/22/2021,30000,59,97567.96,671,9,4.7,5756509.64,1,Is_Churned,2/12/2020,None,54.1,Weekly,56,10000,0.11,106404.98,6747644.21
CUST2695,Enterprise,Port Harcourt,Premium,Transfer,4/23/2022,10000,123,23780.21,607,2,2.1,2924965.83,0,Not_Churned,,None,41.9,Weekly,76,0,0.07,69808.25,3741426.21
CUST2696,Retail,Lagos,Standard,Cash,5/10/2021,30000,128,34234.34,645,7,2.7,4381995.52,0,Not_Churned,,None,53.5,Monthly,54,50000,-0.07,81906.46,4688418.95
CUST2697,SME,Enugu,Standard,Transfer,4/25/2022,30000,189,63153.07,532,4,2.6,11935930.23,0,Not_Churned,,None,41.8,Daily,99,50000,-0.02,285548.57,15112234.23
CUST2698,Retail,Abuja,Premium,Cash,12/1/2023,10000,138,64916.07,643,7,3.5,8958417.66,0,Not_Churned,,None,22.3,Monthly,48,5000,-0.1,401722.77,13220973.88
CUST2699,Enterprise,Enugu,Premium,Wallet,5/1/2020,20000,133,23857.67,693,1,3.3,3173070.11,0,Not_Churned,,None,65.9,Monthly,71,0,0.06,48149.77,3704579.1
CUST2700,Retail,Enugu,Basic,Cash,8/22/2023,10000,12,81434.57,833,6,4.2,977214.84,0,Not_Churned,,None,25.7,Daily,62,0,-0.18,38023.92,1093258.68
CUST2701,Corporate,Ibadan,Basic,Cash,3/20/2023,20000,55,80668.26,437,8,2.7,4436754.3,0,Not_Churned,,None,30.8,Weekly,50,10000,0.33,144050.46,5830749.39
CUST2702,SME,Lagos,Standard,Card,7/3/2023,10000,89,31358.59,758,6,3.8,2790914.51,0,Not_Churned,,None,27.3,Weekly,99,20000,-0.1,102231.3,3602676.3
CUST2703,SME,Lagos,Standard,Cash,1/21/2024,10000,29,35979.97,455,2,4.7,1043419.13,1,Is_Churned,1/19/2020,Switched to Competitor,20.6,Daily,52,0,0.33,50651.41,1456664.39
CUST2704,SME,Lagos,Basic,Cash,6/27/2023,10000,179,94418.91,718,6,4.7,16900984.89,0,Not_Churned,,None,27.5,Monthly,57,20000,0.32,614581.27,21339993.51
CUST2705,Enterprise,Ibadan,Premium,Transfer,3/23/2023,5000,187,84310.43,775,7,4.9,15766050.41,0,Not_Churned,,None,30.7,Daily,88,10000,0.07,513552.13,20739336.6
CUST2706,SME,Kano,Standard,Wallet,10/15/2020,20000,196,72801.73,447,0,4.3,14269139.08,1,Is_Churned,3/3/2020,High Fees,60.4,Monthly,95,5000,0.1,236244.02,17103725.35
CUST2707,Corporate,Enugu,Premium,Transfer,4/17/2021,5000,87,17400.99,504,2,4.7,1513886.13,0,Not_Churned,,None,54.2,Daily,48,5000,-0.02,27931.48,1776298.15
CUST2708,Enterprise,Ibadan,Basic,Transfer,3/10/2021,10000,97,47643.77,458,4,2.7,4621445.69,0,Not_Churned,,None,55.5,Daily,81,20000,0.4,83269.29,5379400.46
CUST2709,Corporate,Port Harcourt,Standard,Wallet,4/15/2024,30000,121,60337.17,476,5,2.6,7300797.57,0,Not_Churned,,None,17.8,Weekly,44,,0.2,410157.17,10947070.03
CUST2710,Retail,Abuja,Standard,Wallet,1/6/2021,5000,142,26867.02,827,2,,3815116.84,1,Is_Churned,12/18/2024,Switched to Competitor,57.6,Weekly,82,0,0.37,66234.67,4428245.04
CUST2711,Retail,Kano,Basic,Cash,11/2/2023,20000,60,50340.39,617,3,4.1,3020423.4,1,Is_Churned,2/23/2021,Inactive,23.3,Daily,61,10000,0.05,129631.91,3808457.47
CUST2712,Retail,Port Harcourt,Standard,Cash,11/18/2022,10000,16,64092.33,782,4,4.8,1025477.28,0,Not_Churned,,None,34.9,Daily,71,5000,0.33,29383.3,1198309.09
CUST2713,Retail,Enugu,Basic,Card,6/25/2022,5000,165,39463.9,454,2,2.6,6511543.5,1,Is_Churned,7/26/2024,Poor Service,39.8,Weekly,86,0,0.07,163606.62,8157269.31
CUST2714,Corporate,Lagos,Standard,Transfer,9/14/2024,30000,124,80285.03,454,3,3.9,9955343.72,0,Not_Churned,,None,12.7,Monthly,41,50000,0.32,783885.33,12681533.94
CUST2715,Enterprise,Enugu,Basic,Wallet,9/4/2023,5000,75,85640.46,528,4,4.2,6423034.5,0,Not_Churned,,None,25.2,Weekly,98,0,-0.12,254882.32,8929350.85
CUST2716,Enterprise,Ibadan,Standard,Cash,2/19/2022,20000,21,39124.85,791,1,4.8,821621.85,1,Is_Churned,7/2/2024,None,44,Monthly,60,20000,0.18,18673.22,1014414.73
CUST2717,SME,Abuja,Premium,Wallet,12/3/2020,5000,193,85479.14,782,9,3.9,16497474.02,0,Not_Churned,,None,58.7,Weekly,67,50000,0.21,281047.26,18659959.04
CUST2718,Corporate,Ibadan,Premium,Cash,6/9/2022,30000,126,19321.89,787,8,4.9,2434558.14,1,Is_Churned,2/14/2022,None,40.3,Weekly,91,0,0.19,60410.87,3110636.22
CUST2719,Retail,Kano,Premium,Card,7/17/2024,30000,128,85395.62,484,9,3,10930639.36,0,Not_Churned,,None,14.7,Monthly,63,10000,0.07,743580.91,16327391.19
CUST2720,Corporate,Kano,Standard,Card,4/4/2020,20000,14,23747.54,613,7,3,332465.56,0,Not_Churned,,None,66.8,Daily,63,5000,0.21,4977.03,355373.78
CUST2721,SME,Abuja,Standard,Wallet,10/8/2021,30000,35,17463.44,514,5,3.6,611220.4,1,Is_Churned,9/9/2020,Inactive,48.4,Weekly,53,50000,-0.06,12628.52,690181.3
CUST2722,SME,Port Harcourt,Premium,Card,9/20/2024,10000,64,67759.79,836,9,3.2,4336626.56,0,Not_Churned,,None,12.5,Weekly,76,10000,0.16,346930.12,8205871.36
CUST2723,Corporate,Port Harcourt,Premium,Wallet,12/13/2023,30000,74,52474.36,713,2,,3883102.64,1,Is_Churned,8/8/2024,Inactive,21.9,Weekly,66,0,0.13,177310.62,6000837.61
CUST2724,Corporate,Kano,Basic,Cash,7/2/2024,10000,21,91710.15,692,1,4.2,1925913.15,1,Is_Churned,4/18/2025,Inactive,15.2,Daily,63,20000,-0.01,126704.81,2787085.88
CUST2725,Corporate,Kano,Basic,Transfer,8/22/2022,5000,54,42687.03,448,6,4.3,2305099.62,1,Is_Churned,5/1/2022,High Fees,37.8,Weekly,45,20000,0.27,60981.47,2579614.9
CUST2726,Enterprise,Lagos,Basic,Card,12/24/2022,10000,41,35843.7,466,7,4.2,1469591.7,0,Not_Churned,,None,33.7,Daily,65,10000,-0.15,43608.06,1712792.18
CUST2727,Retail,Port Harcourt,Premium,Cash,6/13/2024,10000,194,55066.14,674,9,3,10682831.16,0,Not_Churned,,None,15.8,Weekly,93,20000,-0.1,676128.55,16078111.82
CUST2728,Corporate,Abuja,Premium,Transfer,7/18/2023,5000,122,51035.16,528,0,,6226289.52,1,Is_Churned,2/5/2020,Poor Service,26.8,Monthly,54,5000,0.08,232324.24,8119468.1
CUST2729,Corporate,Port Harcourt,Premium,Transfer,7/7/2021,30000,161,40998.52,428,5,3.1,6600761.72,1,Is_Churned,10/15/2024,High Fees,51.5,Weekly,68,10000,0.34,128170.13,7712065.25
CUST2730,Corporate,Lagos,Basic,Transfer,8/3/2024,10000,164,72436.72,742,6,2,11879622.08,0,Not_Churned,,None,14.1,Weekly,75,10000,0.15,842526.39,20741466.62
CUST2731,SME,Ibadan,Standard,Cash,10/9/2022,30000,84,78360.57,432,8,3.7,6582287.88,1,Is_Churned,11/26/2022,Inactive,36.2,Daily,49,20000,0.31,181831.16,8291669.52
CUST2732,SME,Kano,Premium,Cash,6/3/2023,5000,15,86768.56,518,2,,1301528.4,0,Not_Churned,,None,28.3,Daily,67,10000,0.11,45990.4,1547464.84
CUST2733,Enterprise,Kano,Standard,Wallet,5/23/2021,20000,138,97557.09,579,1,2.2,13462878.42,1,Is_Churned,2/11/2020,Poor Service,53,Daily,98,0,0.27,254016.57,15128057.56
CUST2734,Retail,Lagos,Standard,Transfer,1/20/2021,30000,127,33999.06,824,4,4.3,4317880.62,0,Not_Churned,,None,57.1,Monthly,90,50000,0,75619.63,5116299.34
CUST2735,Enterprise,Abuja,Standard,Transfer,12/11/2023,30000,39,74448.41,550,9,2,2903487.99,0,Not_Churned,,None,22,Monthly,48,50000,0.29,131976.73,4051744.21
CUST2736,Retail,Kano,Basic,Transfer,2/12/2022,20000,37,45483.24,532,0,4.9,1682879.88,0,Not_Churned,,None,44.2,Daily,60,20000,0.04,38074.21,1854128.83
CUST2737,SME,Enugu,Standard,Wallet,9/4/2023,20000,22,70937.38,726,5,3.5,1560622.36,0,Not_Churned,,None,25.2,Monthly,97,,0.14,61929.46,1927854.75
CUST2738,SME,Kano,Premium,Transfer,10/30/2022,5000,169,52838.35,584,8,4.9,8929681.15,1,Is_Churned,2/26/2022,Inactive,35.5,Daily,49,5000,-0.09,251540.31,11475223.22
CUST2739,SME,Enugu,Basic,Cash,11/24/2023,30000,17,99439.58,533,9,2.2,1690472.86,0,Not_Churned,,None,22.5,Monthly,43,20000,0.35,75132.13,2032237.5
CUST2740,Enterprise,Lagos,Premium,Transfer,2/12/2022,30000,94,75601.19,576,8,3.8,7106511.86,1,Is_Churned,7/29/2022,Poor Service,44.2,Daily,93,20000,0.22,160780.81,8588823.39
CUST2741,Corporate,Lagos,Premium,Card,1/4/2023,5000,114,95724.22,421,6,3,10912561.08,0,Not_Churned,,None,33.3,Daily,43,10000,0.32,327704.54,13557736.13
CUST2742,Corporate,Kano,Basic,Cash,9/4/2024,30000,196,85147.26,640,6,4.5,16688862.96,0,Not_Churned,,None,13,Monthly,45,5000,-0.08,1283758.69,22244038.77
CUST2743,SME,Port Harcourt,Premium,Wallet,8/26/2020,10000,5,91261.09,476,7,3.1,456305.45,0,Not_Churned,,None,62,Weekly,65,50000,-0.16,7359.77,524014.96
CUST2744,Corporate,Enugu,Premium,Transfer,7/10/2020,10000,67,83297.73,603,9,2.8,5580947.91,0,Not_Churned,,None,63.6,Daily,79,,0,87750.75,5956621.01
CUST2745,Corporate,Abuja,Basic,Card,4/3/2021,10000,38,51324.32,403,1,4.6,1950324.16,0,Not_Churned,,None,54.7,Daily,55,50000,0.11,35654.92,2185144.58
CUST2746,Enterprise,Kano,Premium,Wallet,4/8/2023,30000,107,32660.96,727,5,3.1,3494722.72,0,Not_Churned,,None,30.2,Weekly,47,50000,0.28,115719.3,4163237.81
CUST2747,Retail,Abuja,Standard,Wallet,3/22/2021,10000,14,43328.82,847,4,2.1,606603.48,0,Not_Churned,,None,55.1,Daily,67,5000,0.04,11009.14,707998.78
CUST2748,SME,Kano,Premium,Cash,10/11/2023,10000,132,11821.26,564,4,3.2,1560406.32,0,Not_Churned,,None,24,Daily,55,,-0.04,65016.93,2213258.3
CUST2749,SME,Port Harcourt,Standard,Wallet,6/4/2022,5000,11,57159.39,814,2,4,628753.29,0,Not_Churned,,None,40.5,Monthly,77,10000,0.02,15524.77,698845.18
CUST2750,Enterprise,Port Harcourt,Premium,Wallet,4/23/2024,5000,60,55455.2,820,2,2.8,3327312,1,Is_Churned,8/29/2020,None,17.5,Weekly,88,10000,0.22,190132.11,5287188.14
CUST2751,Enterprise,Port Harcourt,Basic,Wallet,5/15/2022,20000,84,57272.54,527,5,3.3,4810893.36,0,Not_Churned,,None,41.1,Daily,40,5000,0,117053.37,5169653.48
CUST2752,Corporate,Ibadan,Basic,Wallet,11/11/2023,20000,169,97662.81,444,9,2.2,16505014.89,0,Not_Churned,,None,23,Daily,58,10000,0.39,717609.34,22081217.52
CUST2753,SME,Port Harcourt,Premium,Transfer,6/23/2023,20000,161,92030.86,617,9,3.8,14816968.46,0,Not_Churned,,None,27.7,Weekly,89,20000,-0.1,534908.61,18909607.77
CUST2754,Retail,Lagos,Basic,Transfer,3/17/2021,20000,16,24554.15,634,6,,392866.4,0,Not_Churned,,None,55.3,Weekly,56,5000,0.25,7104.27,454065.1
CUST2755,Enterprise,Lagos,Premium,Transfer,4/8/2022,5000,149,43199.43,535,0,3.2,6436715.07,0,Not_Churned,,None,42.4,Monthly,88,50000,0.15,151809.32,7219642.1
CUST2756,Retail,Ibadan,Basic,Transfer,11/28/2022,5000,52,48156.06,567,2,3.3,2504115.12,0,Not_Churned,,None,34.6,Monthly,67,20000,-0.06,72373.27,2727655.29
CUST2757,Retail,Enugu,Standard,Card,1/4/2024,5000,30,42447.96,636,0,2.3,1273438.8,1,Is_Churned,2/27/2021,High Fees,21.2,Monthly,83,5000,0.25,60067.87,1699492.21
CUST2758,SME,Abuja,Premium,Transfer,2/23/2023,10000,116,81864.64,492,9,2.6,9496298.24,1,Is_Churned,5/14/2024,Inactive,31.7,Daily,51,50000,0.07,299567.77,10587520.61
CUST2759,SME,Kano,Standard,Wallet,9/17/2023,10000,126,57163.39,404,2,2.5,7202587.14,0,Not_Churned,,None,24.8,Weekly,45,50000,0.21,290426.9,10405921.76
CUST2760,Enterprise,Kano,Standard,Transfer,11/4/2020,20000,16,61488.98,555,4,3.4,983823.68,1,Is_Churned,5/7/2024,Inactive,59.7,Monthly,46,50000,0.2,16479.46,1059019.49
CUST2761,SME,Ibadan,Premium,Transfer,10/5/2022,10000,153,86771.22,,8,3.6,13275996.66,0,Not_Churned,,None,36.4,Weekly,47,50000,-0.13,364725.18,15766010.63
CUST2762,SME,Lagos,Standard,Cash,3/14/2023,30000,46,82533.53,759,2,4.8,3796542.38,0,Not_Churned,,None,31,Daily,42,50000,0.3,122469.11,4642314.51
CUST2763,SME,Kano,Premium,Wallet,2/17/2020,5000,65,21899.04,480,9,2.2,1423437.6,0,Not_Churned,,None,68.4,Daily,88,5000,0.21,20810.49,1589417.44
CUST2764,Retail,Lagos,Standard,Transfer,12/10/2020,20000,62,74252.31,646,9,3.8,4603643.22,0,Not_Churned,,None,58.5,Weekly,60,10000,0.27,78694.76,5393958.5
CUST2765,Enterprise,Enugu,Premium,Transfer,3/16/2021,20000,186,49189.25,742,8,3.6,9149200.5,0,Not_Churned,,None,55.3,Weekly,47,50000,0.07,165446.66,10348578.29
CUST2766,Corporate,Abuja,Premium,Transfer,9/24/2021,30000,38,36518.4,536,0,3.5,1387699.2,0,Not_Churned,,None,48.9,Monthly,67,20000,-0.08,28378.31,1479411.8
CUST2767,Retail,Enugu,Basic,Card,10/7/2022,10000,11,14501.69,785,5,4.6,159518.59,1,Is_Churned,9/3/2024,Switched to Competitor,36.3,Weekly,98,5000,0,4394.45,203199.34
CUST2768,SME,Ibadan,Premium,Transfer,2/18/2023,20000,113,53852.46,462,8,2.6,6085327.98,0,Not_Churned,,None,31.8,Monthly,69,0,0.34,191362.52,6800939.73
CUST2769,Retail,Port Harcourt,Premium,Cash,9/9/2024,10000,39,41989.3,706,4,2.1,1637582.7,0,Not_Churned,,None,12.9,Weekly,71,10000,0.36,126944.4,2751390.34
CUST2770,SME,Port Harcourt,Standard,Wallet,5/10/2020,10000,19,32636.17,515,9,4,620087.23,0,Not_Churned,,None,65.6,Weekly,50,20000,0.09,9452.55,716795.05
CUST2771,SME,Port Harcourt,Premium,Wallet,2/14/2020,30000,197,72520.46,512,1,3,14286530.62,1,Is_Churned,9/12/2021,None,68.5,Weekly,59,50000,-0.02,208562.49,15442845.13
CUST2772,Retail,Enugu,Basic,Transfer,9/26/2023,20000,29,79253.68,430,4,,2298356.72,0,Not_Churned,,None,24.5,Daily,89,5000,0.24,93810.48,2958966.25
CUST2773,Enterprise,Kano,Standard,Transfer,1/15/2022,10000,63,32031.06,406,0,2.8,2017956.78,0,Not_Churned,,None,45.1,Daily,55,5000,0.26,44744.05,2157961.8
CUST2774,SME,Abuja,Standard,Transfer,9/29/2023,10000,83,14450.27,813,8,2.9,1199372.41,0,Not_Churned,,None,24.4,Daily,64,50000,0.29,49154.61,1702463.86
CUST2775,Enterprise,Port Harcourt,Basic,Wallet,5/24/2024,30000,90,86387.74,841,9,3.9,7774896.6,0,Not_Churned,,None,16.5,Monthly,99,20000,-0.18,471205.85,12170940.73
CUST2776,Corporate,Ibadan,Standard,Wallet,9/1/2023,30000,138,10896.38,402,9,2.5,1503700.44,0,Not_Churned,,None,25.3,Monthly,84,5000,-0.19,59434.8,1805777.01
CUST2777,SME,Ibadan,Standard,Card,11/18/2020,10000,184,94340.12,706,8,3.2,17358582.08,0,Not_Churned,,None,59.2,Daily,48,10000,0.01,293219.29,19268036.48
CUST2778,Enterprise,Port Harcourt,Standard,Cash,12/6/2022,30000,92,66485.79,642,5,3.4,6116692.68,0,Not_Churned,,None,34.3,Daily,90,20000,-0.11,178329.23,7767637.59
CUST2779,Enterprise,Port Harcourt,Standard,Card,12/20/2021,10000,153,38966.2,455,8,3.4,5961828.6,0,Not_Churned,,None,46,Weekly,78,50000,0.28,129604.97,6768421.02
CUST2780,Corporate,Abuja,Basic,Cash,10/22/2021,20000,75,32183.01,472,2,4.9,2413725.75,0,Not_Churned,,None,48,Weekly,88,20000,0.12,50285.95,2638088.08
CUST2781,Enterprise,Port Harcourt,Basic,Card,10/31/2020,5000,125,10810.51,409,3,2.1,1351313.75,0,Not_Churned,,None,59.8,Monthly,79,20000,0.3,22597.22,1524556.47
CUST2782,Enterprise,Abuja,Standard,Wallet,8/7/2024,30000,97,31192.43,460,5,4.9,3025665.71,0,Not_Churned,,None,14,Monthly,79,0,-0.09,216118.98,5081412.83
CUST2783,Corporate,Ibadan,Standard,Card,9/19/2023,5000,100,22395.55,449,3,3.7,2239555,0,Not_Churned,,None,24.7,Weekly,42,50000,0.18,90670.24,2773356.52
CUST2784,SME,Port Harcourt,Basic,Cash,8/3/2024,10000,36,65094.96,521,0,4.4,2343418.56,0,Not_Churned,,None,14.1,Monthly,55,10000,0.15,166199.9,3024165.14
CUST2785,Enterprise,Enugu,Basic,Transfer,8/4/2020,10000,57,24989.1,574,6,3.3,1424378.7,1,Is_Churned,5/16/2020,Inactive,62.8,Daily,51,50000,0,22681.19,1661757.74
CUST2786,Enterprise,Enugu,Basic,Cash,2/4/2024,10000,63,57576.69,400,4,3.4,3627331.47,0,Not_Churned,,None,20.1,Weekly,54,0,0.11,180464.25,4579319.47
CUST2787,Enterprise,Ibadan,Standard,Transfer,3/16/2021,5000,73,63110.48,840,7,4.6,4607065.04,0,Not_Churned,,None,55.3,Weekly,92,50000,0.15,83310.4,5241501.69
CUST2788,Retail,Abuja,Standard,Wallet,5/28/2024,10000,194,36823.75,437,8,,7143807.5,0,Not_Churned,,None,16.3,Monthly,43,50000,0.33,438270.4,11185575.87
CUST2789,Corporate,Enugu,Premium,Cash,10/29/2020,30000,136,13155.85,589,4,2.7,1789195.6,1,Is_Churned,9/19/2020,High Fees,59.9,Weekly,62,10000,-0.17,29869.71,1964043.26
CUST2790,Retail,Abuja,Basic,Card,5/20/2023,20000,90,13352.85,478,7,2.6,1201756.5,1,Is_Churned,10/9/2020,None,28.8,Weekly,66,0,0.29,41727.66,1570534.35
CUST2791,Corporate,Enugu,Standard,Cash,7/25/2024,20000,22,12371.26,744,0,3.5,272167.72,0,Not_Churned,,None,14.4,Daily,78,50000,0.39,18900.54,407068.22
CUST2792,SME,Enugu,Basic,Transfer,8/1/2022,30000,85,76521.22,737,0,4.7,6504303.7,0,Not_Churned,,None,38.5,Weekly,82,50000,0.24,168942.95,7878473.69
CUST2793,SME,Abuja,Standard,Wallet,8/13/2022,20000,118,38620.87,848,6,3,4557262.66,0,Not_Churned,,None,38.1,Weekly,95,5000,0.24,119613.19,5551868.33
CUST2794,Enterprise,Kano,Basic,Card,8/27/2022,5000,188,81667.02,589,5,4,15353399.76,0,Not_Churned,,None,37.7,Weekly,76,50000,-0.07,407251.98,19595888.58
CUST2795,Corporate,Enugu,Standard,Cash,6/21/2022,10000,28,48855.95,583,4,4.1,1367966.6,1,Is_Churned,11/24/2023,Inactive,39.9,Weekly,52,10000,0.11,34284.88,1673339.96
CUST2796,SME,Port Harcourt,Premium,Transfer,10/14/2023,10000,70,50769.83,466,4,4.3,3553888.1,0,Not_Churned,,None,23.9,Daily,82,5000,0.22,148698.25,4353700.41
CUST2797,Corporate,Ibadan,Premium,Card,11/7/2023,10000,145,56159.43,416,8,3.7,8143117.35,0,Not_Churned,,None,23.1,Weekly,76,0,0.16,352515.9,9389768.29
CUST2798,SME,Kano,Basic,Wallet,5/10/2022,5000,66,74172.83,782,0,3.2,4895406.78,0,Not_Churned,,None,41.3,Daily,79,20000,0.03,118532.85,5253123.42
CUST2799,Retail,Abuja,Standard,Card,6/9/2022,5000,58,34615.26,767,7,4.9,2007685.08,0,Not_Churned,,None,40.3,Daily,60,10000,0.36,49818.49,2562650.99
CUST2800,SME,Kano,Standard,Wallet,10/2/2022,5000,147,20942.86,791,1,3.8,3078600.42,1,Is_Churned,7/29/2025,High Fees,36.5,Daily,68,,0.11,84345.22,4046798.51
CUST2801,Retail,Lagos,Basic,Card,8/31/2021,30000,135,60045.16,715,6,4.2,8106096.6,0,Not_Churned,,None,49.7,Monthly,68,5000,0.38,163100.54,8733545.17
CUST2802,SME,Lagos,Standard,Cash,11/27/2022,5000,41,39427.99,695,5,3,1616547.59,1,Is_Churned,10/19/2022,Switched to Competitor,34.6,Monthly,88,20000,0.14,46721.03,1961511.55
CUST2803,Enterprise,Enugu,Basic,Transfer,1/29/2020,20000,41,49824.22,608,9,4,2042793.02,0,Not_Churned,,None,69,Weekly,50,0,0.28,29605.7,2172003.14
CUST2804,Retail,Enugu,Standard,Cash,9/25/2024,30000,135,68225.2,744,1,2.8,9210402,0,Not_Churned,,None,12.3,Daily,90,10000,0.25,748813.17,17850763.8
CUST2805,SME,Port Harcourt,Basic,Cash,4/30/2021,30000,195,54471.32,845,2,2.7,10621907.4,0,Not_Churned,,None,53.8,Monthly,89,5000,0.2,197433.22,11652803.34
CUST2806,Enterprise,Ibadan,Standard,Wallet,1/7/2024,30000,39,65825.09,440,3,4.1,2567178.51,0,Not_Churned,,None,21.1,Weekly,67,10000,-0.19,121667.23,3481486.36
CUST2807,Retail,Kano,Basic,Wallet,2/10/2021,5000,184,58978,795,6,3.6,10851952,0,Not_Churned,,None,56.4,Monthly,49,10000,-0.15,192410.5,11715987.28
CUST2808,Enterprise,Lagos,Standard,Wallet,10/28/2022,30000,128,76581.67,514,7,4,9802453.76,0,Not_Churned,,None,35.6,Daily,44,5000,0.15,275349.82,11453134.39
CUST2809,Corporate,Enugu,Premium,Cash,7/4/2021,5000,160,73534.3,499,1,,11765488,0,Not_Churned,,None,51.6,Weekly,95,50000,0.35,228013.33,12997046.48
CUST2810,Corporate,Ibadan,Standard,Card,12/20/2020,5000,22,58077.09,772,7,3.8,1277695.98,0,Not_Churned,,None,58.2,Daily,96,10000,0.16,21953.54,1437492.21
CUST2811,Retail,Kano,Basic,Card,3/9/2021,30000,126,71101.27,837,8,3.3,8958760.02,0,Not_Churned,,None,55.5,Daily,64,5000,-0.06,161419.1,10052864.79
CUST2812,SME,Enugu,Premium,Cash,8/28/2024,10000,168,88620.36,744,6,3.8,14888220.48,0,Not_Churned,,None,13.3,Monthly,72,10000,-0.01,1119415.07,21579165.97
CUST2813,Retail,Enugu,Standard,Cash,10/30/2020,10000,165,48904.42,748,0,2.9,8069229.3,0,Not_Churned,,None,59.9,Weekly,56,50000,0.17,134711.67,8601730.6
CUST2814,Enterprise,Lagos,Premium,Transfer,1/4/2023,30000,196,47148.68,538,5,4.1,9241141.28,1,Is_Churned,6/10/2021,Switched to Competitor,33.3,Weekly,88,5000,0.16,277511.75,11283734.1
CUST2815,SME,Lagos,Standard,Wallet,6/15/2024,10000,158,78782.11,715,7,,12447573.38,0,Not_Churned,,None,15.7,Weekly,72,,0.37,792839.07,20892793.82
CUST2816,Corporate,Enugu,Premium,Wallet,4/30/2020,20000,52,62429.85,723,4,2.8,3246352.2,0,Not_Churned,,None,66,Monthly,64,0,0.12,49187.15,3717171.79
CUST2817,SME,Abuja,Basic,Cash,7/10/2022,20000,172,16390.61,733,1,2.9,2819184.92,0,Not_Churned,,None,39.3,Weekly,72,0,0.01,71734.99,3499603.97
CUST2818,Corporate,Enugu,Standard,Cash,8/13/2020,5000,21,90290.08,701,4,4,1896091.68,1,Is_Churned,6/19/2020,High Fees,62.5,Monthly,94,20000,0.11,30337.47,2087060.96
CUST2819,SME,Ibadan,Standard,Card,12/17/2021,10000,172,12770.48,693,7,4.1,2196522.56,0,Not_Churned,,None,46.1,Weekly,93,10000,0.27,47646.91,2643249.1
CUST2820,SME,Enugu,Basic,Cash,5/19/2024,20000,139,77355.67,844,1,,10752438.13,1,Is_Churned,8/8/2023,None,16.6,Monthly,48,10000,0.12,647737.24,15409528.6
CUST2821,SME,Port Harcourt,Premium,Card,6/30/2022,30000,61,78291.47,,0,4,4775779.67,0,Not_Churned,,None,39.6,Weekly,66,5000,0,120600.5,5300691.65
CUST2822,Enterprise,Port Harcourt,Basic,Cash,5/4/2022,10000,12,95780,,3,3.2,1149360,0,Not_Churned,,None,41.5,Monthly,64,20000,0,27695.42,1336898.02
CUST2823,Enterprise,Port Harcourt,Basic,Transfer,2/14/2022,20000,132,14872.1,691,3,3.2,1963117.2,0,Not_Churned,,None,44.1,Daily,43,10000,0.25,44515.13,2149842.52
CUST2824,Retail,Abuja,Premium,Transfer,3/28/2022,20000,121,63717.12,473,8,2.8,7709771.52,0,Not_Churned,,None,42.7,Daily,48,5000,-0.16,180556.71,8437477.42
CUST2825,Retail,Abuja,Basic,Card,1/7/2024,30000,60,48505.65,,2,2.5,2910339,0,Not_Churned,,None,21.1,Daily,85,50000,-0.04,137930.76,3352756.61
CUST2826,Corporate,Enugu,Standard,Wallet,4/17/2022,5000,130,39756.97,415,3,4.1,5168406.1,1,Is_Churned,5/21/2020,High Fees,42.1,Weekly,54,10000,-0.11,122764.99,5849222.5
CUST2827,Enterprise,Port Harcourt,Standard,Transfer,4/21/2022,30000,163,18128.67,413,2,2.3,2954973.21,0,Not_Churned,,None,41.9,Monthly,55,10000,0.37,70524.42,3376559.23
CUST2828,Corporate,Abuja,Standard,Card,3/16/2024,5000,63,60638.87,735,1,4.8,3820248.81,1,Is_Churned,6/27/2021,High Fees,18.8,Daily,55,50000,-0.15,203204.72,5709035.27
CUST2829,Retail,Lagos,Basic,Cash,3/10/2024,20000,62,53113.67,680,3,4.5,3293047.54,0,Not_Churned,,None,19,Weekly,52,50000,0.25,173318.29,4652217
CUST2830,Corporate,Enugu,Standard,Cash,8/15/2022,5000,144,19409.9,760,7,4.6,2795025.6,0,Not_Churned,,None,38.1,Monthly,53,10000,0.18,73360.25,3581891.04
CUST2831,Retail,Ibadan,Standard,Card,12/4/2020,20000,180,65124.06,403,0,4.7,11722330.8,0,Not_Churned,,None,58.7,Daily,61,50000,0.18,199698.99,12638596.74
CUST2832,Enterprise,Kano,Standard,Wallet,12/23/2023,20000,163,76415.78,812,7,,12455772.14,0,Not_Churned,,None,21.6,Daily,60,5000,0.26,576656.12,15566030.3
CUST2833,SME,Enugu,Standard,Card,12/1/2020,10000,112,79055.05,526,7,4.5,8854165.6,1,Is_Churned,10/28/2023,Switched to Competitor,58.8,Weekly,48,10000,0.04,150581.05,10581282.95
CUST2834,Enterprise,Kano,Standard,Card,8/1/2024,5000,195,91483.59,711,2,2.5,17839300.05,0,Not_Churned,,None,14.2,Monthly,94,10000,0.04,1256288.74,26628807.73
CUST2835,Corporate,Port Harcourt,Standard,Transfer,2/26/2021,5000,78,46852.37,405,9,2.1,3654484.86,1,Is_Churned,10/25/2022,Switched to Competitor,55.9,Weekly,80,0,-0.03,65375.4,4314871.75
CUST2836,Corporate,Kano,Basic,Card,7/2/2023,5000,171,95776.55,528,9,4.4,16377790.05,0,Not_Churned,,None,27.4,Daily,92,10000,0.16,597729.56,20818626.99
CUST2837,Enterprise,Port Harcourt,Standard,Card,1/18/2023,30000,152,87888.65,,5,2.2,13359074.8,0,Not_Churned,,None,32.9,Weekly,43,0,0.36,406050.91,16298790.51
CUST2838,Enterprise,Lagos,Standard,Cash,10/17/2023,10000,105,36685.14,,3,5,3851939.7,1,Is_Churned,11/10/2021,Switched to Competitor,23.8,Weekly,49,50000,0.35,161846.21,4553226.97
CUST2839,Retail,Kano,Premium,Transfer,5/23/2022,10000,52,24335.47,770,0,4,1265444.44,0,Not_Churned,,None,40.9,Daily,74,50000,0.22,30939.96,1595288.98
CUST2840,Corporate,Enugu,Basic,Cash,7/23/2022,10000,75,49185.05,631,0,4.3,3688878.75,1,Is_Churned,4/30/2020,Inactive,38.8,Daily,92,5000,0.34,95074.19,4041147.23
CUST2841,Corporate,Port Harcourt,Basic,Cash,6/1/2023,30000,120,46170.88,846,4,2.7,5540505.6,0,Not_Churned,,None,28.4,Monthly,48,0,0.38,195088.23,6670525.01
CUST2842,Enterprise,Enugu,Basic,Wallet,6/14/2023,5000,186,61814.74,712,7,4,11497541.64,1,Is_Churned,9/30/2021,Inactive,28,Monthly,90,10000,0.28,410626.49,15218315.66
CUST2843,SME,Abuja,Basic,Wallet,6/29/2023,5000,126,62504.76,594,0,2.1,7875599.76,0,Not_Churned,,None,27.5,Daily,87,0,0.04,286385.45,10042196.86
CUST2844,Corporate,Port Harcourt,Standard,Transfer,12/27/2021,5000,82,77498.83,464,1,4.5,6354904.06,0,Not_Churned,,None,45.8,Daily,55,50000,0.09,138753.36,7871811.81
CUST2845,SME,Kano,Standard,Transfer,6/6/2021,10000,33,55890.1,720,6,2.5,1844373.3,0,Not_Churned,,None,52.6,Monthly,88,50000,0.36,35064.13,1961967.16
CUST2846,Enterprise,Port Harcourt,Premium,Wallet,7/4/2024,10000,97,19434.04,502,7,4.1,1885101.88,0,Not_Churned,,None,15.1,Weekly,57,5000,0.2,124841.18,2989280.57
CUST2847,Enterprise,Enugu,Premium,Wallet,7/14/2020,20000,77,87246.22,676,2,2.7,6717958.94,0,Not_Churned,,None,63.5,Daily,49,50000,0.29,105794.63,7489962.44
CUST2848,Retail,Lagos,Basic,Wallet,7/13/2021,30000,104,37878.81,557,7,,3939396.24,0,Not_Churned,,None,51.3,Daily,60,0,-0.13,76791.35,4276418.62
CUST2849,Corporate,Port Harcourt,Premium,Wallet,1/30/2021,30000,180,97416.77,623,0,3.4,17535018.6,0,Not_Churned,,None,56.8,Weekly,90,10000,-0.08,308715.12,20526242.09
CUST2850,SME,Kano,Premium,Wallet,3/9/2024,10000,78,20607.41,688,8,2.5,1607377.98,0,Not_Churned,,None,19,Monthly,93,10000,0.01,84598.84,2174339.23
CUST2851,Retail,Abuja,Basic,Cash,6/8/2021,20000,188,96242.61,831,1,4.2,18093610.68,0,Not_Churned,,None,52.5,Monthly,54,0,-0.09,344640.2,20776371.54
CUST2852,Corporate,Ibadan,Basic,Transfer,9/15/2022,5000,99,18191.06,677,1,2.7,1800914.94,0,Not_Churned,,None,37,Weekly,54,5000,0.34,48673.38,2370656.18
CUST2853,Retail,Lagos,Premium,Cash,9/3/2023,10000,21,30793.25,581,3,3,646658.25,0,Not_Churned,,None,25.3,Daily,50,10000,-0.07,25559.61,835187.62
CUST2854,Enterprise,Abuja,Standard,Cash,9/14/2020,30000,141,14192.19,765,9,3.7,2001098.79,0,Not_Churned,,None,61.4,Weekly,79,0,0.13,32591.19,2340384.95
CUST2855,Corporate,Port Harcourt,Premium,Card,9/8/2024,30000,101,73460.18,403,2,,7419478.18,0,Not_Churned,,None,12.9,Daily,93,0,-0.15,575153.35,13128564.08
CUST2856,Retail,Enugu,Premium,Cash,6/18/2021,30000,166,86526.89,614,3,3.1,14363463.74,0,Not_Churned,,None,52.2,Monthly,87,50000,-0.11,275162.14,16830234.87
CUST2857,Retail,Enugu,Standard,Wallet,8/2/2024,5000,177,49066.4,838,5,4.4,8684752.8,0,Not_Churned,,None,14.1,Daily,81,50000,-0.05,615939.91,15504013.98
CUST2858,SME,Kano,Standard,Wallet,7/20/2022,30000,13,93566.99,,6,2.5,1216370.87,1,Is_Churned,10/19/2021,Poor Service,38.9,Daily,80,,0.39,31269.17,1380984.6
CUST2859,Retail,Enugu,Basic,Card,12/1/2022,5000,139,63126.92,616,4,2.2,8774641.88,0,Not_Churned,,None,34.5,Daily,86,5000,0.28,254337.45,11416430.13
CUST2860,Corporate,Lagos,Basic,Card,8/28/2020,5000,148,66700.64,795,1,3,9871694.72,0,Not_Churned,,None,62,Daily,93,5000,0.2,159220.88,10890722.11
CUST2861,Corporate,Enugu,Premium,Card,2/1/2020,5000,23,86087.73,608,2,3.3,1980017.79,0,Not_Churned,,None,68.9,Daily,76,0,0.35,28737.56,2276371.62
CUST2862,SME,Kano,Standard,Card,7/20/2022,10000,138,36712.02,473,9,3.6,5066258.76,0,Not_Churned,,None,38.9,Monthly,59,0,0.37,130238.01,6035763.12
CUST2863,Corporate,Ibadan,Basic,Card,11/12/2020,5000,118,41883.91,626,2,3.1,4942301.38,1,Is_Churned,6/28/2020,Inactive,59.4,Weekly,73,50000,0.07,83203.73,5834194.23
CUST2864,Enterprise,Port Harcourt,Premium,Cash,1/8/2020,20000,143,91535.67,,4,4.4,13089600.81,1,Is_Churned,1/31/2023,None,69.7,Monthly,61,10000,0,187799.15,15165455.91
CUST2865,Corporate,Port Harcourt,Standard,Card,4/16/2023,30000,129,91086.71,835,4,2.1,11750185.59,0,Not_Churned,,None,29.9,Daily,87,5000,-0.01,392982.8,15042907.99
CUST2866,Corporate,Enugu,Premium,Cash,9/16/2020,10000,65,97883.45,492,3,3.3,6362424.25,0,Not_Churned,,None,61.3,Weekly,57,20000,-0.18,103791.59,7147985.92
CUST2867,Retail,Abuja,Basic,Transfer,1/31/2024,30000,46,91165.45,464,7,3.1,4193610.7,0,Not_Churned,,None,20.3,Daily,55,5000,-0.03,206581.81,6269659.04
CUST2868,Retail,Port Harcourt,Basic,Card,3/18/2024,5000,17,21463.48,720,5,3.9,364879.16,0,Not_Churned,,None,18.7,Monthly,44,50000,0.01,19512.25,470301.34
CUST2869,Corporate,Ibadan,Standard,Card,9/23/2024,10000,144,84135.19,409,5,4.9,12115467.36,1,Is_Churned,11/2/2022,None,12.4,Monthly,40,0,-0.18,977053.82,15181597.22
CUST2870,SME,Enugu,Premium,Cash,2/8/2023,20000,89,46885.46,801,0,3.5,4172805.94,0,Not_Churned,,None,32.2,Daily,58,50000,0.33,129590.25,5036376.2
CUST2871,Retail,Kano,Standard,Transfer,7/6/2021,5000,24,99172.12,702,5,5,2380130.88,0,Not_Churned,,None,51.6,Daily,49,50000,0.31,46126.57,2729307.63
CUST2872,SME,Ibadan,Basic,Cash,3/11/2024,30000,54,52505.29,721,2,2.9,2835285.66,0,Not_Churned,,None,18.9,Weekly,60,50000,-0.05,150015.11,3686676
CUST2873,Corporate,Enugu,Basic,Cash,8/5/2024,20000,168,59845.25,704,5,2.1,10054002,0,Not_Churned,,None,14,Weekly,52,20000,0.28,718143,14686208.87
CUST2874,Corporate,Ibadan,Premium,Card,8/31/2023,5000,96,57679.74,677,9,2.5,5537255.04,0,Not_Churned,,None,25.4,Daily,94,20000,0.28,218002.17,6452324.48
CUST2875,Enterprise,Port Harcourt,Premium,Wallet,1/19/2024,20000,92,38956.33,485,5,3.2,3583982.36,1,Is_Churned,5/27/2025,Switched to Competitor,20.7,Weekly,63,5000,0,173139.24,4535487.86
CUST2876,Retail,Kano,Premium,Wallet,7/28/2020,5000,73,16751.99,425,1,2.9,1222895.27,0,Not_Churned,,None,63,Daily,62,0,0.22,19411.04,1323073.14
CUST2877,Corporate,Enugu,Standard,Cash,2/10/2022,10000,41,90608.61,617,0,2.3,3714953.01,1,Is_Churned,7/22/2022,High Fees,44.3,Daily,62,50000,-0.03,83858.98,4193693.81
CUST2878,Enterprise,Lagos,Premium,Card,4/3/2022,5000,144,82240.82,792,2,3.3,11842678.08,0,Not_Churned,,None,42.5,Daily,50,10000,-0.16,278651.25,13428618.09
CUST2879,Retail,Kano,Premium,Transfer,12/14/2022,10000,103,22557.41,,4,3,2323413.23,0,Not_Churned,,None,34,Monthly,86,5000,0.1,68335.68,2872197.51
CUST2880,Corporate,Lagos,Basic,Wallet,9/28/2020,5000,129,79909.14,494,3,2.4,10308279.06,0,Not_Churned,,None,60.9,Daily,41,5000,0.06,169265.67,11197833.44
CUST2881,Corporate,Ibadan,Basic,Transfer,10/13/2021,5000,172,66326.2,643,6,2.9,11408106.4,0,Not_Churned,,None,48.3,Daily,45,50000,-0.12,236192.68,14116917.95
CUST2882,Retail,Abuja,Premium,Wallet,6/3/2022,30000,58,46822.94,846,3,4.7,2715730.52,1,Is_Churned,12/1/2023,Switched to Competitor,40.5,Daily,92,5000,0.09,67055.07,3225447.67
CUST2883,Retail,Kano,Premium,Card,8/29/2024,20000,134,32861.9,506,7,2.9,4403494.6,0,Not_Churned,,None,13.2,Weekly,50,50000,0.37,333598.08,5791494.21
CUST2884,Retail,Ibadan,Basic,Cash,4/21/2022,20000,182,87375.59,789,6,4.1,15902357.38,0,Not_Churned,,None,41.9,Daily,54,5000,0.24,379531.2,17996024.61
CUST2885,Corporate,Lagos,Premium,Transfer,9/26/2022,20000,45,73016.94,647,9,3.8,3285762.3,0,Not_Churned,,None,36.7,Monthly,48,0,0.24,89530.31,4142372.04
CUST2886,Corporate,Port Harcourt,Standard,Transfer,7/17/2024,5000,49,59296.59,413,8,3.3,2905532.91,0,Not_Churned,,None,14.7,Monthly,51,5000,0.25,197655.3,3522796.84
CUST2887,Enterprise,Port Harcourt,Standard,Cash,8/5/2023,5000,107,64861.17,560,0,2.7,6940145.19,1,Is_Churned,5/21/2024,High Fees,26.2,Daily,97,5000,0.25,264891.04,9970594.6
CUST2888,SME,Abuja,Standard,Transfer,3/29/2023,5000,110,18195.96,,4,3.1,2001555.6,0,Not_Churned,,None,30.5,Daily,98,10000,-0.19,65624.77,2461361.49
CUST2889,Retail,Kano,Premium,Wallet,3/1/2022,10000,141,52652.78,551,3,3.8,7424041.98,0,Not_Churned,,None,43.6,Daily,75,0,0.35,170276.19,8733416.61
CUST2890,Corporate,Kano,Basic,Cash,1/27/2023,10000,194,27433.03,474,5,3.1,5322007.82,0,Not_Churned,,None,32.6,Monthly,67,0,0.3,163251.77,7264003.43
CUST2891,Corporate,Kano,Premium,Wallet,12/2/2023,30000,132,28754.53,775,0,2.6,3795597.96,0,Not_Churned,,None,22.3,Weekly,62,0,-0.04,170206.19,5077357.5
CUST2892,Retail,Ibadan,Premium,Wallet,11/26/2023,5000,90,69517.36,614,5,2.3,6256562.4,0,Not_Churned,,None,22.5,Weekly,66,5000,0.13,278069.44,9462618.5
CUST2893,SME,Abuja,Basic,Card,9/26/2021,20000,51,92013.05,767,0,4.6,4692665.55,1,Is_Churned,6/3/2025,Switched to Competitor,48.8,Daily,63,20000,0.17,96161.18,5773236.46
CUST2894,Retail,Kano,Basic,Wallet,3/8/2024,20000,9,46338.09,450,0,3.3,417042.81,0,Not_Churned,,None,19,Weekly,53,,-0.12,21949.62,668845.3
CUST2895,SME,Ibadan,Basic,Card,3/15/2020,30000,5,28697.43,,7,3.9,143487.15,0,Not_Churned,,None,67.5,Monthly,93,,-0.05,2125.74,165406.72
CUST2896,Corporate,Port Harcourt,Standard,Transfer,1/21/2020,20000,48,68387.22,542,1,3.5,3282586.56,0,Not_Churned,,None,69.3,Daily,74,10000,-0.19,47367.77,3551047.22
CUST2897,SME,Lagos,Premium,Transfer,1/31/2023,30000,154,88406.83,818,9,4.6,13614651.82,0,Not_Churned,,None,32.4,Weekly,66,0,0.32,420205.3,16185233.42
CUST2898,Enterprise,Ibadan,Basic,Card,2/2/2021,5000,42,77348.69,435,5,3.6,3248644.98,0,Not_Churned,,None,56.7,Daily,60,50000,-0.19,57295.33,3608738.14
CUST2899,Corporate,Port Harcourt,Premium,Wallet,12/26/2020,20000,23,88188.15,773,5,3.4,2028327.45,0,Not_Churned,,None,58,Daily,88,50000,-0.01,34971.16,2441428.57
CUST2900,Enterprise,Port Harcourt,Standard,Cash,3/30/2021,5000,163,58289.92,,5,4.8,9501256.96,0,Not_Churned,,None,54.8,Monthly,52,20000,-0.15,173380.6,10584330.73
CUST2901,Retail,Lagos,Standard,Cash,3/9/2024,10000,119,77668.86,635,7,4.2,9242594.34,0,Not_Churned,,None,19,Monthly,47,0,0.27,486452.33,11177800.77
CUST2902,Retail,Port Harcourt,Basic,Card,3/7/2022,20000,199,22605.81,659,3,2.3,4498556.19,0,Not_Churned,,None,43.4,Weekly,83,5000,0.35,103653.37,5535604.08
CUST2903,Retail,Abuja,Basic,Transfer,7/15/2023,10000,91,41344.72,591,2,2.5,3762369.52,0,Not_Churned,,None,26.9,Monthly,83,0,0.14,139865.04,4642759.81
CUST2904,SME,Lagos,Premium,Transfer,10/30/2022,20000,174,45059.42,601,5,4.4,7840339.08,1,Is_Churned,8/13/2020,Switched to Competitor,35.5,Daily,83,10000,-0.12,220854.62,9737131.95
CUST2905,Corporate,Port Harcourt,Basic,Cash,12/16/2022,5000,127,56016.62,661,3,4.5,7114110.74,0,Not_Churned,,None,34,Monthly,98,0,0.13,209238.55,9482532.84
CUST2906,Retail,Enugu,Premium,Card,7/31/2024,30000,86,93616.87,584,1,3.6,8051050.82,1,Is_Churned,2/27/2024,None,14.2,Weekly,73,50000,0.26,566975.41,12688654.65
CUST2907,Retail,Ibadan,Basic,Cash,6/5/2020,5000,158,88686.69,557,5,3.7,14012497.02,0,Not_Churned,,None,64.8,Weekly,81,50000,0.23,216242.24,15902303.31
CUST2908,Corporate,Port Harcourt,Premium,Wallet,12/6/2021,5000,145,22107.29,645,9,3.9,3205557.05,0,Not_Churned,,None,46.5,Weekly,62,5000,0.25,68936.71,3811218.62
CUST2909,Retail,Abuja,Premium,Wallet,12/18/2020,5000,62,25551.07,509,4,3.3,1584166.34,0,Not_Churned,,None,58.2,Monthly,48,5000,-0.03,27219.35,1815846.19
CUST2910,Enterprise,Kano,Premium,Card,11/24/2021,20000,150,42187.65,498,8,4,6328147.5,0,Not_Churned,,None,46.9,Monthly,40,5000,-0.16,134928.52,6926950.16
CUST2911,Corporate,Port Harcourt,Premium,Card,2/16/2024,30000,71,36166.95,640,5,,2567853.45,0,Not_Churned,,None,19.7,Monthly,75,10000,-0.11,130347.89,3494332.18
CUST2912,Corporate,Kano,Standard,Wallet,8/2/2022,10000,126,65329.39,601,2,4.9,8231503.14,0,Not_Churned,,None,38.5,Monthly,94,,0.37,213805.28,8887666.59
CUST2913,Corporate,Enugu,Premium,Transfer,5/24/2023,5000,91,91249.84,521,4,4.3,8303735.44,1,Is_Churned,8/29/2024,High Fees,28.7,Monthly,85,20000,0.17,289328.76,10802489.46
CUST2914,Enterprise,Port Harcourt,Basic,Card,12/18/2022,20000,135,96606.24,516,9,,13041842.4,0,Not_Churned,,None,33.9,Weekly,55,0,0.24,384715.12,16188129.25
CUST2915,Corporate,Lagos,Standard,Wallet,9/8/2024,10000,59,68824.27,,7,2.9,4060631.93,1,Is_Churned,12/21/2022,Poor Service,12.9,Weekly,64,5000,0.34,314777.67,5906247.39
CUST2916,Enterprise,Kano,Standard,Wallet,1/5/2024,5000,93,85434.33,633,8,2.5,7945392.69,0,Not_Churned,,None,21.1,Monthly,57,10000,0.31,376558.9,10850567.12
CUST2917,Corporate,Enugu,Premium,Transfer,1/4/2024,10000,62,57268.2,466,7,3.2,3550628.4,0,Not_Churned,,None,21.2,Daily,73,0,-0.07,167482.47,4796282.59
CUST2918,SME,Lagos,Standard,Transfer,10/8/2023,5000,67,28749.43,,2,4,1926211.81,0,Not_Churned,,None,24.1,Weekly,77,50000,-0.17,79925.8,2346480.57
CUST2919,Retail,Lagos,Premium,Transfer,2/8/2022,10000,95,57221.96,617,8,3.9,5436086.2,0,Not_Churned,,None,44.3,Daily,42,0,0.36,122710.75,6128124.29
CUST2920,SME,Lagos,Basic,Transfer,9/15/2024,10000,56,59957.43,414,2,3.1,3357616.08,0,Not_Churned,,None,12.7,Daily,59,50000,0.39,264379.22,5965153.7
CUST2921,Retail,Lagos,Premium,Cash,3/14/2020,30000,130,76821.18,672,7,3.8,9986753.4,1,Is_Churned,5/25/2024,Poor Service,67.5,Weekly,58,0,0.14,147951.9,11436917.24
CUST2922,Enterprise,Port Harcourt,Standard,Transfer,6/18/2023,30000,28,29789.47,618,9,4.4,834105.16,0,Not_Churned,,None,27.8,Daily,52,0,0.33,30003.78,1050973.59
CUST2923,SME,Ibadan,Basic,Cash,4/5/2022,5000,76,43147.93,673,8,2.1,3279242.68,0,Not_Churned,,None,42.5,Daily,56,0,-0.06,77158.65,4008976.77
CUST2924,Corporate,Port Harcourt,Premium,Card,7/1/2020,20000,13,42762.47,770,6,3.4,555912.11,0,Not_Churned,,None,63.9,Weekly,53,5000,-0.13,8699.72,617307.87
CUST2925,Retail,Port Harcourt,Basic,Wallet,4/18/2021,30000,114,96349.56,546,3,,10983849.84,0,Not_Churned,,None,54.2,Weekly,69,50000,0.1,202654.06,13144621.87
CUST2926,Retail,Enugu,Basic,Cash,12/14/2020,10000,169,49955.05,731,9,3.6,8442403.45,0,Not_Churned,,None,58.4,Monthly,61,10000,0.29,144561.7,9309088.28
CUST2927,SME,Enugu,Standard,Card,5/24/2023,30000,98,77958.46,743,8,,7639929.08,0,Not_Churned,,None,28.7,Weekly,82,20000,0.19,266199.62,10660132.15
CUST2928,Enterprise,Ibadan,Basic,Card,10/13/2020,30000,121,77573.02,551,2,3.6,9386335.42,0,Not_Churned,,None,60.4,Daily,87,50000,0.18,155402.9,10610995.93
CUST2929,SME,Enugu,Standard,Cash,10/19/2023,5000,87,33898.98,746,2,5,2949211.26,0,Not_Churned,,None,23.7,Weekly,82,5000,-0.19,124439.29,3922474.6
CUST2930,Enterprise,Abuja,Basic,Card,10/1/2020,30000,185,61468.27,703,1,2.2,11371629.95,0,Not_Churned,,None,60.8,Monthly,68,50000,-0.01,187033.39,13061905.74
CUST2931,Enterprise,Ibadan,Premium,Card,1/28/2024,30000,84,90487.26,813,9,3.5,7600929.84,0,Not_Churned,,None,20.4,Weekly,89,10000,0.36,372594.6,9861723.62
CUST2932,Retail,Enugu,Basic,Cash,6/21/2023,10000,156,52767.79,414,2,2.3,8231775.24,0,Not_Churned,,None,27.7,Daily,41,50000,-0.12,297176,11060583.48
CUST2933,SME,Ibadan,Premium,Card,5/19/2022,30000,153,95060.58,830,0,2.5,14544268.74,0,Not_Churned,,None,41,Weekly,94,5000,0.24,354738.26,16631486.83
CUST2934,SME,Port Harcourt,Premium,Transfer,8/12/2022,10000,104,29301.24,778,3,,3047328.96,0,Not_Churned,,None,38.2,Daily,92,5000,0.26,79773.01,3572063.83
CUST2935,Enterprise,Port Harcourt,Basic,Transfer,3/9/2023,30000,44,16674.32,782,7,2.5,733670.08,1,Is_Churned,5/24/2021,Switched to Competitor,31.2,Weekly,47,20000,0.24,23515.07,947006.68
CUST2936,SME,Ibadan,Premium,Wallet,10/24/2023,30000,107,90230.85,827,4,4.9,9654700.95,1,Is_Churned,1/12/2021,Switched to Competitor,23.6,Monthly,53,10000,0.39,409097.5,12275396.73
CUST2937,Corporate,Abuja,Basic,Card,9/10/2021,20000,66,86291.31,753,1,4.8,5695226.46,0,Not_Churned,,None,49.4,Monthly,73,,0.05,115287.99,6248582.21
CUST2938,Corporate,Abuja,Basic,Wallet,12/15/2023,30000,73,99333.09,,2,3,7251315.57,1,Is_Churned,11/19/2020,None,21.8,Weekly,52,0,0.21,332629.15,10859381.49
CUST2939,SME,Ibadan,Premium,Transfer,10/25/2021,10000,146,71145.41,483,0,3.9,10387229.86,0,Not_Churned,,None,47.9,Daily,49,,-0.08,216852.4,12837531.63
CUST2940,SME,Enugu,Premium,Transfer,10/18/2020,10000,113,94301.91,591,1,3.6,10656115.83,0,Not_Churned,,None,60.3,Monthly,47,20000,0.04,176718.34,12183064.76
CUST2941,Enterprise,Kano,Standard,Transfer,11/1/2020,5000,174,84425.41,440,0,4.4,14690021.34,0,Not_Churned,,None,59.8,Daily,46,5000,0.09,245652.53,17220330.04
CUST2942,Corporate,Abuja,Premium,Card,3/3/2021,5000,182,85998.37,751,1,3.9,15651703.34,1,Is_Churned,4/27/2025,High Fees,55.7,Weekly,52,5000,-0.07,281000.06,18989947.86
CUST2943,Corporate,Lagos,Standard,Card,6/6/2022,20000,193,61222.74,723,2,2,11815988.82,0,Not_Churned,,None,40.4,Monthly,65,0,0.34,292474.97,14311669.74
CUST2944,Retail,Port Harcourt,Premium,Transfer,5/25/2021,10000,8,44412.81,660,0,4.3,355302.48,1,Is_Churned,11/29/2023,Switched to Competitor,53,Monthly,95,5000,0.23,6703.82,430245.36
CUST2945,Enterprise,Ibadan,Basic,Wallet,8/9/2024,10000,76,94110.23,708,8,4.2,7152377.48,1,Is_Churned,4/22/2023,Poor Service,13.9,Daily,98,20000,-0.03,514559.53,10359777.65
CUST2946,Retail,Lagos,Premium,Wallet,1/12/2021,10000,21,48890.55,777,9,3.5,1026701.55,0,Not_Churned,,None,57.4,Monthly,71,10000,-0.12,17886.79,1193124.95
CUST2947,Corporate,Ibadan,Basic,Cash,7/7/2021,20000,118,58493.74,535,4,4.7,6902261.32,0,Not_Churned,,None,51.5,Daily,58,50000,-0.03,134024.49,7371648.4
CUST2948,Enterprise,Port Harcourt,Basic,Transfer,2/21/2022,10000,89,50150.29,677,7,4.7,4463375.81,0,Not_Churned,,None,43.9,Daily,95,,0.17,101671.43,5490332.86
CUST2949,SME,Port Harcourt,Basic,Wallet,4/10/2023,5000,61,60833.65,505,4,3.6,3710852.65,0,Not_Churned,,None,30.1,Weekly,54,0,0.3,123284.14,5001419.14
CUST2950,Enterprise,Abuja,Standard,Transfer,8/20/2022,20000,111,52345.46,406,7,3.8,5810346.06,0,Not_Churned,,None,37.9,Daily,93,50000,0.1,153307.28,6823795.79
CUST2951,SME,Abuja,Premium,Wallet,9/20/2022,5000,52,14317.08,805,6,5,744488.16,0,Not_Churned,,None,36.9,Monthly,41,5000,-0.14,20175.83,921038.65
CUST2952,SME,Lagos,Basic,Cash,6/12/2020,5000,176,89384.34,701,3,2.9,15731643.84,0,Not_Churned,,None,64.5,Daily,93,20000,-0.05,243901.45,18347547.53
CUST2953,Enterprise,Ibadan,Basic,Cash,3/4/2024,20000,177,49995.44,,6,3,8849192.88,0,Not_Churned,,None,19.2,Monthly,76,50000,0.01,460895.46,13897138.13
CUST2954,SME,Port Harcourt,Standard,Transfer,1/2/2024,30000,121,63004.93,525,5,2.5,7623596.53,0,Not_Churned,,None,21.2,Daily,58,20000,0.18,359603.61,9047189.45
CUST2955,Retail,Lagos,Premium,Wallet,2/21/2021,30000,165,22526.9,,2,4.7,3716938.5,0,Not_Churned,,None,56.1,Weekly,72,5000,-0.05,66255.59,4409136.57
CUST2956,Corporate,Kano,Premium,Card,12/18/2021,5000,35,10304.91,799,8,4.2,360671.85,0,Not_Churned,,None,46.1,Weekly,78,20000,-0.06,7823.68,403453.02
CUST2957,SME,Lagos,Standard,Cash,8/25/2020,30000,116,32076.11,478,9,2.3,3720828.76,0,Not_Churned,,None,62.1,Daily,89,0,-0.03,59916.73,4292779.78
CUST2958,Retail,Enugu,Standard,Transfer,1/25/2020,10000,51,73412.74,788,8,4.9,3744049.74,0,Not_Churned,,None,69.2,Daily,72,50000,0.16,54104.77,4064700.78
CUST2959,SME,Lagos,Premium,Transfer,2/27/2021,20000,138,18927.51,466,4,4.2,2611996.38,1,Is_Churned,2/1/2022,High Fees,55.9,Daily,40,50000,0.1,46726.23,2775863.61
CUST2960,Corporate,Enugu,Standard,Wallet,3/28/2023,5000,112,91799.87,422,7,4.6,10281585.44,0,Not_Churned,,None,30.6,Weekly,78,50000,0.3,335999.52,11924231.99
CUST2961,Retail,Enugu,Premium,Transfer,6/6/2020,10000,76,29352.03,588,6,2.1,2230754.28,0,Not_Churned,,None,64.7,Daily,67,20000,0.22,34478.43,2461002.96
CUST2962,Corporate,Enugu,Premium,Cash,1/25/2020,30000,75,28413.43,473,8,3.5,2131007.25,1,Is_Churned,5/13/2021,Switched to Competitor,69.2,Daily,56,5000,0.2,30794.9,2428826.33
CUST2963,Corporate,Kano,Basic,Transfer,3/11/2022,10000,166,26335.72,404,6,4.1,4371729.52,0,Not_Churned,,None,43.3,Monthly,96,20000,-0.11,100963.73,4766127.42
CUST2964,Retail,Lagos,Basic,Transfer,1/28/2021,30000,112,11258.35,806,3,3.6,1260935.2,1,Is_Churned,7/26/2024,High Fees,56.9,Weekly,45,20000,-0.17,22160.55,1489552.55
CUST2965,Retail,Lagos,Premium,Card,2/13/2020,5000,57,79462.49,481,3,4,4529361.93,0,Not_Churned,,None,68.5,Weekly,91,,0.11,66122.07,5321012.23
CUST2966,Retail,Kano,Premium,Card,11/24/2021,10000,146,88753.11,424,7,,12957954.06,1,Is_Churned,8/30/2020,None,46.9,Daily,83,5000,-0.16,276289,15746903.34
CUST2967,Enterprise,Port Harcourt,Premium,Cash,9/18/2022,20000,20,65274.64,663,5,3.1,1305492.8,1,Is_Churned,1/7/2023,Poor Service,36.9,Daily,59,10000,0.02,35379.21,1562474.29
CUST2968,Retail,Abuja,Premium,Wallet,9/14/2022,5000,175,26938,804,8,4.5,4714150,0,Not_Churned,,None,37.1,Monthly,86,5000,-0.18,127066.04,5745093.02
CUST2969,Retail,Lagos,Premium,Card,4/20/2021,10000,120,35675.02,401,9,2.5,4281002.4,0,Not_Churned,,None,54.1,Daily,52,20000,-0.09,79131.28,4522783.49
CUST2970,Retail,Abuja,Premium,Wallet,1/23/2024,10000,77,52833.4,677,6,2.8,4068171.8,1,Is_Churned,10/11/2022,High Fees,20.5,Weekly,51,0,-0.13,198447.4,5037282.54
CUST2971,Retail,Ibadan,Standard,Cash,5/15/2024,30000,78,95891.14,727,6,2.1,7479508.92,1,Is_Churned,11/9/2022,Poor Service,16.8,Monthly,69,,0.28,445208.86,12417272.76
CUST2972,SME,Ibadan,Premium,Card,1/11/2023,5000,85,32261.62,742,3,3.1,2742237.7,1,Is_Churned,12/15/2020,Switched to Competitor,33.1,Weekly,60,50000,0.01,82847.06,3006980.82
CUST2973,Enterprise,Kano,Standard,Wallet,10/5/2021,5000,16,75848.13,623,2,3.1,1213570.08,0,Not_Churned,,None,48.5,Daily,41,0,-0.15,25022.06,1492394.59
CUST2974,Corporate,Ibadan,Standard,Card,1/5/2024,5000,132,49550.34,471,7,4.4,6540644.88,1,Is_Churned,8/31/2023,Inactive,21.1,Monthly,92,10000,-0.04,309983.17,7786552.02
CUST2975,Retail,Ibadan,Premium,Cash,3/24/2023,5000,74,36806.26,467,6,4,2723663.24,0,Not_Churned,,None,30.7,Weekly,57,10000,0.21,88718.67,3096074.62
CUST2976,SME,Port Harcourt,Premium,Cash,2/2/2024,30000,151,51032.43,719,3,3.3,7705896.93,0,Not_Churned,,None,20.2,Weekly,67,,0.25,381480.05,9452369.59
CUST2977,SME,Port Harcourt,Standard,Card,12/30/2021,20000,45,16408.6,493,3,4,738387,0,Not_Churned,,None,45.7,Weekly,43,10000,-0.13,16157.26,903101.45
CUST2978,SME,Port Harcourt,Standard,Wallet,3/2/2023,5000,185,81881.86,418,0,2.2,15148144.1,0,Not_Churned,,None,31.4,Daily,81,0,0.27,482424.97,18671621.27
CUST2979,Corporate,Ibadan,Premium,Transfer,6/4/2021,30000,161,31897.17,527,6,2.5,5135444.37,0,Not_Churned,,None,52.6,Daily,82,20000,0.02,97632.02,5555922.87
CUST2980,Retail,Kano,Premium,Transfer,8/17/2021,20000,63,75287.09,742,0,3.9,4743086.67,0,Not_Churned,,None,50.2,Daily,92,0,0.21,94483.8,5610562.97
CUST2981,Enterprise,Enugu,Standard,Card,7/10/2024,20000,93,16151.35,481,9,3.9,1502075.55,0,Not_Churned,,None,14.9,Daily,45,20000,0.2,100810.44,2657987.75
CUST2982,Enterprise,Enugu,Standard,Wallet,10/28/2021,30000,196,95958.87,653,9,4.3,18807938.52,0,Not_Churned,,None,47.8,Weekly,77,50000,0.28,393471.52,22015543.38
CUST2983,SME,Abuja,Standard,Transfer,5/21/2022,5000,28,27371.35,836,3,3.2,766397.8,1,Is_Churned,6/1/2023,High Fees,40.9,Monthly,48,50000,0.22,18738.33,839257.95
CUST2984,Corporate,Enugu,Basic,Cash,12/7/2020,20000,148,89446.79,620,2,4.2,13238124.92,0,Not_Churned,,None,58.6,Daily,59,10000,-0.18,225906.57,14027161.41
CUST2985,Corporate,Enugu,Standard,Wallet,3/1/2021,5000,184,82852.59,742,2,4.1,15244876.56,0,Not_Churned,,None,55.8,Monthly,84,0,0.11,273205.67,18021424.97
CUST2986,Corporate,Port Harcourt,Basic,Transfer,9/11/2021,5000,84,97107.39,496,0,4.9,8157020.76,0,Not_Churned,,None,49.3,Weekly,69,20000,-0.1,165456.81,9585699.4
CUST2987,Enterprise,Port Harcourt,Premium,Wallet,4/9/2021,10000,138,53010.16,451,3,2.6,7315402.08,0,Not_Churned,,None,54.5,Daily,76,50000,0.38,134227.56,8832699.09
CUST2988,SME,Ibadan,Premium,Card,5/15/2024,5000,169,75465.76,574,0,,12753713.44,0,Not_Churned,,None,16.8,Weekly,77,50000,-0.05,759149.61,18770164.93
CUST2989,Retail,Abuja,Standard,Wallet,5/6/2023,10000,136,43363.96,737,7,3.8,5897498.56,0,Not_Churned,,None,29.3,Daily,43,50000,0.05,201279.81,6614368.28
CUST2990,Enterprise,Lagos,Premium,Transfer,1/4/2021,20000,96,26593.14,581,0,5,2552941.44,0,Not_Churned,,None,57.7,Daily,77,10000,-0.08,44245.09,2846427.41
CUST2991,SME,Abuja,Premium,Card,4/22/2024,30000,170,49876.83,827,5,2.6,8479061.1,1,Is_Churned,10/28/2022,Poor Service,17.5,Monthly,89,50000,-0.12,484517.78,12801888.18
CUST2992,SME,Abuja,Premium,Wallet,8/26/2021,10000,173,24917.41,752,6,3.6,4310711.93,0,Not_Churned,,None,49.9,Weekly,99,5000,0.16,86387.01,4869114.68
CUST2993,Retail,Kano,Premium,Cash,6/3/2020,30000,96,98384.02,790,9,3,9444865.92,0,Not_Churned,,None,64.8,Weekly,52,10000,0.1,145754.1,11193378.88
CUST2994,Retail,Ibadan,Basic,Transfer,4/11/2020,20000,85,18662.18,514,1,3.6,1586285.3,0,Not_Churned,,None,66.6,Weekly,94,0,0.02,23818.1,1744637.9
CUST2995,Retail,Kano,Basic,Card,5/26/2020,5000,146,63029.06,747,3,2.7,9202242.76,0,Not_Churned,,None,65.1,Monthly,74,5000,-0.15,141355.5,10321230.88
CUST2996,Corporate,Abuja,Standard,Wallet,7/20/2023,20000,75,66381.75,400,2,2.1,4978631.25,0,Not_Churned,,None,26.8,Monthly,69,10000,0.24,185769.82,5912779.97
CUST2997,Retail,Abuja,Standard,Cash,10/15/2023,30000,183,58427.16,462,8,3.7,10692170.28,0,Not_Churned,,None,23.9,Weekly,81,10000,-0.2,447371.14,12646843.84
CUST2998,SME,Abuja,Standard,Transfer,12/15/2021,20000,69,69596.73,647,6,3,4802174.37,0,Not_Churned,,None,46.2,Weekly,43,20000,0.07,103943.17,5717679.89
CUST2999,Retail,Enugu,Premium,Cash,11/23/2020,5000,56,20456.27,630,1,2.5,1145551.12,0,Not_Churned,,None,59.1,Daily,64,5000,0.18,19383.27,1306384.23
CUST3000,SME,Kano,Premium,Wallet,7/21/2020,20000,34,59951.67,625,5,3,2038356.78,0,Not_Churned,,None,63.2,Daily,70,5000,0.06,32252.48,2136373.63
CUST3001,Enterprise,Abuja,Basic,Wallet,1/17/2023,5000,189,35849.13,822,8,2.1,6775485.57,0,Not_Churned,,None,32.9,Monthly,86,5000,-0.12,205941.81,7921146.8
CUST3002,Corporate,Port Harcourt,Basic,Card,4/13/2024,10000,103,94615.85,418,2,4.9,9745432.55,1,Is_Churned,8/24/2023,High Fees,17.8,Daily,51,50000,0.27,547496.21,14559137.56
CUST3003,Enterprise,Ibadan,Standard,Cash,6/12/2022,30000,162,78586.45,430,5,3.7,12731004.9,0,Not_Churned,,None,40.2,Weekly,54,50000,-0.01,316691.66,15996173.05
CUST3004,Enterprise,Ibadan,Basic,Card,5/5/2024,5000,102,97526.3,732,2,4.4,9947682.6,0,Not_Churned,,None,17.1,Weekly,92,0,-0.12,581735.82,13328334.29
CUST3005,SME,Port Harcourt,Basic,Transfer,3/9/2021,5000,46,13380.05,520,2,3.3,615482.3,0,Not_Churned,,None,55.5,Daily,96,0,0.13,11089.77,713370.83
CUST3006,Enterprise,Ibadan,Basic,Card,4/4/2024,20000,143,35661.99,423,3,4.7,5099664.57,1,Is_Churned,6/7/2022,Switched to Competitor,18.1,Daily,65,,-0.19,281749.42,6617539.17
CUST3007,SME,Enugu,Basic,Transfer,4/2/2023,10000,31,27588.03,724,8,3.4,855228.93,1,Is_Churned,3/5/2023,Switched to Competitor,30.4,Monthly,97,50000,-0.01,28132.53,1114425.7
CUST3008,Retail,Enugu,Basic,Wallet,5/21/2023,5000,156,11003.91,610,7,3.7,1716609.96,0,Not_Churned,,None,28.8,Daily,49,20000,0.25,59604.51,2269831.05
CUST3009,Retail,Lagos,Standard,Wallet,12/22/2020,10000,171,31809.32,848,0,3.5,5439393.72,1,Is_Churned,10/13/2020,Poor Service,58.1,Monthly,51,0,0.35,93621.23,5829982.28
CUST3010,SME,Lagos,Standard,Cash,6/15/2024,10000,76,71089.84,560,0,4.2,5402827.84,0,Not_Churned,,None,15.7,Daily,97,10000,0.16,344129.16,8495106.39
CUST3011,Retail,Lagos,Basic,Transfer,11/2/2022,20000,22,30798,654,6,3.7,677556,1,Is_Churned,11/29/2022,None,35.4,Daily,61,,-0.07,19140,792436.28
CUST3012,Corporate,Ibadan,Standard,Wallet,1/5/2023,5000,81,55810.31,458,2,2.8,4520635.11,0,Not_Churned,,None,33.3,Daily,79,20000,-0.07,135754.81,5138774.93
CUST3013,Enterprise,Enugu,Premium,Cash,12/23/2021,20000,49,89903.63,513,6,2.4,4405277.87,0,Not_Churned,,None,45.9,Daily,92,10000,0.16,95975.55,5125406.4
CUST3014,Corporate,Enugu,Basic,Cash,4/23/2023,30000,119,72438.21,816,8,,8620146.99,0,Not_Churned,,None,29.7,Weekly,60,10000,0.04,290240.64,10672342.84
CUST3015,Enterprise,Enugu,Premium,Card,9/14/2020,30000,91,45516.62,559,2,3.5,4142012.42,0,Not_Churned,,None,61.4,Weekly,74,50000,-0.09,67459.49,4814237.96
CUST3016,Retail,Port Harcourt,Standard,Cash,8/8/2022,5000,144,43522.2,842,2,2.3,6267196.8,0,Not_Churned,,None,38.3,Weekly,46,5000,0.27,163634.38,6882566.68
CUST3017,Corporate,Enugu,Standard,Wallet,6/16/2024,10000,181,51016.22,619,1,3.2,9233935.82,0,Not_Churned,,None,15.7,Daily,57,20000,-0.08,588148.78,15178813.98
CUST3018,Retail,Port Harcourt,Premium,Card,5/17/2020,5000,163,25933.73,756,9,3.5,4227197.99,0,Not_Churned,,None,65.4,Monthly,66,50000,-0.01,64636.05,4482816.52
CUST3019,Enterprise,Lagos,Standard,Transfer,6/3/2022,5000,96,67060.07,568,0,4.5,6437766.72,0,Not_Churned,,None,40.5,Daily,99,5000,-0.16,158957.2,7211432.16
CUST3020,SME,Lagos,Basic,Transfer,7/18/2021,30000,26,42773.75,411,8,2.2,1112117.5,0,Not_Churned,,None,51.2,Weekly,74,50000,0.22,21721.04,1278129.83
CUST3021,SME,Ibadan,Premium,Wallet,3/17/2022,30000,176,86712.88,641,5,3,15261466.88,1,Is_Churned,1/18/2022,High Fees,43.1,Monthly,86,50000,-0.03,354094.36,17799817.62
CUST3022,Corporate,Lagos,Basic,Wallet,9/13/2023,10000,96,78089.74,774,5,4.5,7496615.04,1,Is_Churned,3/25/2023,High Fees,24.9,Monthly,41,10000,-0.06,301068.88,11079253.73
CUST3023,Retail,Ibadan,Premium,Card,2/28/2021,10000,196,64946.18,538,7,,12729451.28,1,Is_Churned,2/13/2020,Switched to Competitor,55.8,Weekly,71,50000,-0.02,228126.37,14624101.04
CUST3024,Retail,Abuja,Standard,Card,4/19/2020,5000,81,42778.2,496,4,2.9,3465034.2,0,Not_Churned,,None,66.3,Daily,54,5000,0.32,52262.96,3775837.91
CUST3025,Corporate,Abuja,Premium,Wallet,7/25/2020,20000,29,28893.86,546,8,4.5,837921.94,0,Not_Churned,,None,63.1,Monthly,84,,0.11,13279.27,985339.63
CUST3026,SME,Kano,Premium,Wallet,1/19/2020,5000,112,79853.67,581,4,3.5,8943611.04,0,Not_Churned,,None,69.4,Monthly,63,,-0.11,128870.48,9692340.37
CUST3027,Enterprise,Ibadan,Basic,Transfer,2/17/2022,10000,183,53776.82,456,1,3.5,9841158.06,0,Not_Churned,,None,44,Weekly,59,5000,0.26,223662.68,11063246.49
CUST3028,Corporate,Kano,Standard,Transfer,10/13/2023,20000,139,30227.5,441,5,4.9,4201622.5,0,Not_Churned,,None,23.9,Monthly,49,10000,-0.07,175800.1,5511218.19
CUST3029,Enterprise,Kano,Basic,Transfer,12/9/2022,30000,113,27565.72,753,8,4.8,3114926.36,0,Not_Churned,,None,34.2,Monthly,95,5000,0.05,91079.72,4136710.92
CUST3030,SME,Abuja,Standard,Wallet,3/17/2023,10000,138,24886.08,598,2,3.1,3434279.04,1,Is_Churned,8/27/2022,High Fees,30.9,Monthly,63,0,0.14,111141.72,4476413.74
CUST3031,Retail,Ibadan,Basic,Cash,5/23/2024,10000,28,79944.51,430,9,2.4,2238446.28,0,Not_Churned,,None,16.5,Daily,63,50000,0.15,135663.41,3472623.64
CUST3032,SME,Abuja,Premium,Wallet,12/19/2023,20000,23,30608.85,579,3,3,704003.55,1,Is_Churned,5/5/2022,Poor Service,21.7,Daily,63,10000,-0.16,32442.56,1013333.48
CUST3033,Corporate,Kano,Basic,Wallet,8/30/2023,10000,87,57397.8,401,9,2.1,4993608.6,0,Not_Churned,,None,25.4,Weekly,79,10000,0.3,196598.76,6750565.52
CUST3034,Retail,Ibadan,Standard,Transfer,6/23/2024,10000,119,50639.17,821,7,2.1,6026061.23,0,Not_Churned,,None,15.5,Daily,87,0,0.09,388778.14,9850925.53
CUST3035,Corporate,Kano,Standard,Wallet,2/17/2022,10000,13,62164.98,687,5,3.2,808144.74,0,Not_Churned,,None,44,Monthly,99,0,0.39,18366.93,895109.73
CUST3036,Corporate,Enugu,Premium,Card,9/30/2021,10000,116,88943.94,537,6,4.8,10317497.04,0,Not_Churned,,None,48.7,Daily,96,0,0.23,211858.26,11291054.73
CUST3037,SME,Ibadan,Standard,Wallet,9/25/2020,10000,168,88097.27,504,6,4.6,14800341.36,1,Is_Churned,5/31/2024,Inactive,61,Monthly,87,0,0.4,242628.55,16319067.7
CUST3038,Corporate,Ibadan,Basic,Wallet,7/20/2024,10000,106,50596.85,791,3,3.5,5363266.1,0,Not_Churned,,None,14.6,Monthly,73,20000,0.07,367346.99,9278684.64
CUST3039,SME,Kano,Premium,Wallet,4/26/2021,10000,172,11382.96,617,5,3.7,1957869.12,0,Not_Churned,,None,53.9,Daily,80,10000,-0.12,36324.1,2300408.45
CUST3040,Retail,Enugu,Standard,Wallet,3/7/2023,10000,156,48379.94,621,8,2,7547270.64,0,Not_Churned,,None,31.3,Daily,79,5000,0.24,241126.86,9499978.74
CUST3041,SME,Port Harcourt,Standard,Cash,10/2/2020,30000,52,64557.42,730,2,2.6,3356985.84,0,Not_Churned,,None,60.8,Daily,50,10000,0.27,55213.58,3532290.27
CUST3042,Retail,Abuja,Basic,Wallet,8/19/2021,10000,195,60198.83,504,7,,11738771.85,0,Not_Churned,,None,50.1,Daily,65,10000,0.31,234306.82,12938942.89
CUST3043,SME,Kano,Basic,Card,12/2/2020,30000,73,68620.25,803,6,4.3,5009278.25,0,Not_Churned,,None,58.8,Weekly,40,10000,-0.02,85191.81,5880929.12
CUST3044,Enterprise,Ibadan,Premium,Card,3/26/2024,30000,185,23866.82,803,3,2.4,4415361.7,0,Not_Churned,,None,18.4,Daily,69,0,0.11,239965.31,5658953.18
CUST3045,Enterprise,Abuja,Standard,Wallet,7/20/2021,5000,186,68188.16,526,9,4.6,12682997.76,0,Not_Churned,,None,51.1,Weekly,92,0,0.31,248199.56,15058915.55
CUST3046,Corporate,Abuja,Basic,Transfer,8/25/2021,5000,174,26438.65,664,2,3.9,4600325.1,0,Not_Churned,,None,49.9,Monthly,82,20000,0.32,92190.88,5030091.91
CUST3047,SME,Abuja,Premium,Cash,5/15/2021,30000,123,77547.16,599,6,2.7,9538300.68,1,Is_Churned,6/14/2023,Switched to Competitor,53.3,Weekly,57,10000,-0.18,178954.98,11051777.82
CUST3048,SME,Port Harcourt,Standard,Wallet,6/7/2022,30000,49,40517.89,,9,2.5,1985376.61,1,Is_Churned,3/29/2024,Inactive,40.4,Monthly,65,50000,0.2,49142.99,2410655.43
CUST3049,Retail,Lagos,Standard,Wallet,10/24/2022,10000,129,73890.59,414,8,3.9,9531886.11,0,Not_Churned,,None,35.7,Weekly,92,20000,0.16,266999.61,12139857.11
CUST3050,Corporate,Kano,Premium,Wallet,12/7/2022,5000,18,14307.9,625,9,4.7,257542.2,0,Not_Churned,,None,34.3,Weekly,86,0,-0.15,7508.52,309689.52
CUST3051,SME,Lagos,Premium,Transfer,7/1/2024,20000,161,46707.4,752,2,4.2,7519891.4,0,Not_Churned,,None,15.2,Monthly,95,10000,0.36,494729.7,11821107.22
CUST3052,Corporate,Lagos,Basic,Transfer,10/27/2020,5000,138,73453.11,504,9,3,10136529.18,1,Is_Churned,6/5/2022,High Fees,60,Weekly,48,0,0.07,168942.15,11383782.96
CUST3053,Enterprise,Lagos,Standard,Transfer,3/9/2023,30000,139,30418.35,632,8,3.8,4228150.65,0,Not_Churned,,None,31.2,Monthly,48,5000,0.2,135517.65,5790132.86
CUST3054,SME,Abuja,Standard,Cash,2/5/2023,30000,41,81575.83,718,7,2.9,3344609.03,1,Is_Churned,9/19/2022,None,32.3,Daily,40,0,0.33,103548.27,4141612.55
CUST3055,SME,Enugu,Standard,Card,3/4/2020,10000,57,66770.18,618,2,5,3805900.26,0,Not_Churned,,None,67.9,Monthly,46,0,-0.12,56051.55,4079789.47
CUST3056,Corporate,Abuja,Premium,Cash,6/20/2021,10000,22,62880.56,676,7,4.2,1383372.32,0,Not_Churned,,None,52.1,Weekly,83,20000,0.31,26552.25,1622635.42
CUST3057,SME,Abuja,Basic,Transfer,1/25/2023,5000,42,41819.4,660,3,3.8,1756414.8,0,Not_Churned,,None,32.6,Daily,98,5000,0.23,53877.75,2183999.57
CUST3058,Corporate,Ibadan,Standard,Card,8/11/2024,10000,191,53420.63,780,5,3.3,10203340.33,0,Not_Churned,,None,13.8,Weekly,95,,0.3,739372.49,17770422.58
CUST3059,SME,Ibadan,Premium,Card,9/7/2024,20000,133,63761.44,818,9,3.9,8480271.52,0,Not_Churned,,None,12.9,Daily,81,50000,0.1,657385.39,11499119.6
CUST3060,Retail,Lagos,Standard,Transfer,4/1/2020,20000,48,52521.59,740,1,3,2521036.32,0,Not_Churned,,None,66.9,Monthly,90,50000,-0.18,37683.65,2722585.54
CUST3061,Corporate,Abuja,Basic,Transfer,5/1/2020,10000,51,72848.2,768,7,2.1,3715258.2,0,Not_Churned,,None,65.9,Daily,55,10000,0.2,56377.21,4352019.67
CUST3062,SME,Lagos,Standard,Cash,12/14/2023,20000,39,49032.72,831,8,,1912276.08,0,Not_Churned,,None,21.9,Daily,77,50000,0.02,87318.54,2905108.35
CUST3063,Enterprise,Ibadan,Basic,Transfer,7/15/2022,20000,64,28204.59,735,6,,1805093.76,1,Is_Churned,7/22/2020,Poor Service,39.1,Daily,50,10000,0.04,46166.08,2127347.32
CUST3064,SME,Enugu,Basic,Card,8/6/2024,5000,94,29254.04,589,7,3.9,2749879.76,0,Not_Churned,,None,14,Weekly,90,0,0.06,196419.98,3423553.24
CUST3065,Enterprise,Kano,Standard,Wallet,12/15/2021,20000,56,10522.34,,6,,589251.04,1,Is_Churned,1/21/2024,High Fees,46.2,Daily,64,50000,0.1,12754.35,662703.22
CUST3066,Enterprise,Lagos,Standard,Transfer,5/14/2023,30000,12,37086.19,,9,4.7,445034.28,1,Is_Churned,4/7/2022,Poor Service,29,Monthly,68,20000,0.2,15346.01,525203.44
CUST3067,Retail,Enugu,Basic,Transfer,12/4/2022,30000,111,77402.59,597,3,2.8,8591687.49,1,Is_Churned,5/12/2021,High Fees,34.4,Monthly,58,5000,0.24,249758.36,10273083.76
CUST3068,Corporate,Kano,Premium,Cash,11/14/2022,5000,173,81474.64,752,0,2.7,14095112.72,1,Is_Churned,6/15/2022,High Fees,35,Monthly,57,5000,0.27,402717.51,16455120.25
CUST3069,SME,Port Harcourt,Basic,Cash,11/6/2020,10000,135,28222.08,676,2,2.9,3809980.8,1,Is_Churned,8/22/2022,High Fees,59.6,Daily,96,0,0.2,63925.85,4478704.57
CUST3070,Retail,Lagos,Standard,Transfer,3/12/2023,5000,146,96313.96,735,6,3.7,14061838.16,0,Not_Churned,,None,31.1,Monthly,86,5000,0.28,452149.14,15430640.27
CUST3071,SME,Lagos,Standard,Card,5/10/2020,10000,100,55216.25,438,6,3.6,5521625,0,Not_Churned,,None,65.6,Weekly,98,5000,-0.13,84171.11,6262472.55
CUST3072,Enterprise,Port Harcourt,Premium,Card,5/5/2020,10000,30,92528.09,561,2,3.5,2775842.7,0,Not_Churned,,None,65.8,Monthly,68,0,0.3,42186.06,3154607.42
CUST3073,Corporate,Port Harcourt,Basic,Wallet,8/30/2024,10000,115,73608.88,520,0,4.2,8465021.2,0,Not_Churned,,None,13.2,Daily,55,0,0.03,641289.48,14201765.43
CUST3074,SME,Lagos,Basic,Transfer,1/1/2023,10000,127,75019.01,779,9,2.9,9527414.27,1,Is_Churned,6/18/2024,Switched to Competitor,33.4,Monthly,85,0,0.12,285251.92,11719675.58
CUST3075,SME,Port Harcourt,Basic,Cash,1/24/2024,10000,190,17653.93,798,8,4.3,3354246.7,0,Not_Churned,,None,20.5,Daily,79,20000,0.06,163621.79,4745021.55
CUST3076,Enterprise,Abuja,Standard,Card,7/24/2023,5000,172,29799.2,,5,2.5,5125462.4,0,Not_Churned,,None,26.6,Daily,47,0,0.09,192686.56,7109064.42
CUST3077,SME,Kano,Basic,Wallet,5/17/2023,10000,55,10793.33,849,6,4.3,593633.15,0,Not_Churned,,None,28.9,Monthly,73,0,-0.03,20540.94,800229.24
CUST3078,SME,Kano,Premium,Transfer,11/11/2021,20000,127,74451.49,615,0,4,9455339.23,1,Is_Churned,12/13/2023,Inactive,47.3,Weekly,45,0,-0.1,199901.46,10117338.41
CUST3079,Enterprise,Kano,Standard,Card,5/21/2022,20000,9,40999.45,711,0,4,368995.05,0,Not_Churned,,None,40.9,Weekly,84,50000,-0.14,9021.88,398531.88
CUST3080,Retail,Abuja,Standard,Transfer,7/7/2020,10000,81,80798.73,448,3,3.4,6544697.13,0,Not_Churned,,None,63.7,Monthly,84,50000,0.07,102742.5,7628682.34
CUST3081,Enterprise,Port Harcourt,Basic,Transfer,2/8/2023,20000,164,40504.26,491,6,4,6642698.64,0,Not_Churned,,None,32.2,Daily,92,20000,-0.12,206294.99,8328658.34
CUST3082,Retail,Enugu,Premium,Card,3/8/2024,30000,5,83740.04,528,7,2.2,418700.2,0,Not_Churned,,None,19,Monthly,69,20000,-0.05,22036.85,674698.84
CUST3083,Corporate,Port Harcourt,Standard,Card,10/14/2021,5000,186,21762.84,720,9,4.6,4047888.24,0,Not_Churned,,None,48.2,Daily,83,5000,-0.12,83981.08,4626041.05
CUST3084,Retail,Lagos,Standard,Card,2/6/2023,5000,15,25603.58,427,8,2.2,384053.7,0,Not_Churned,,None,32.2,Daily,73,50000,-0.13,11927.13,438807.18
CUST3085,Retail,Ibadan,Basic,Transfer,4/13/2020,10000,185,40678.89,755,0,,7525594.65,1,Is_Churned,10/12/2021,None,66.5,Daily,60,20000,0.33,113166.84,8347085.88
CUST3086,Corporate,Kano,Basic,Transfer,8/2/2023,10000,12,46763.86,,3,3.7,561166.32,0,Not_Churned,,None,26.3,Weekly,91,20000,0.2,21337.12,709009
CUST3087,Retail,Port Harcourt,Premium,Wallet,6/14/2020,30000,157,41383.25,831,3,4.2,6497170.25,0,Not_Churned,,None,64.5,Weekly,96,5000,0.35,100731.32,7268227.74
CUST3088,Enterprise,Enugu,Basic,Cash,1/7/2022,10000,172,78728.23,727,2,2.2,13541255.56,1,Is_Churned,3/28/2025,Inactive,45.4,Monthly,51,0,0.19,298265.54,16604897.5
CUST3089,Retail,Lagos,Premium,Transfer,8/18/2020,20000,36,18725.63,464,6,,674122.68,1,Is_Churned,8/28/2021,Inactive,62.3,Weekly,88,10000,0.31,10820.59,770428.78
CUST3090,Corporate,Abuja,Standard,Cash,1/6/2022,30000,32,41609.53,617,0,4.9,1331504.96,1,Is_Churned,1/23/2023,Poor Service,45.4,Daily,45,5000,0.13,29328.3,1468394.01
CUST3091,Enterprise,Abuja,Premium,Card,5/25/2020,20000,135,85351.6,450,8,3.8,11522466,0,Not_Churned,,None,65.1,Daily,78,10000,0.08,176996.41,13223454.06
CUST3092,Corporate,Enugu,Premium,Transfer,9/17/2024,5000,132,16011.74,826,7,3.4,2113549.68,1,Is_Churned,6/26/2020,Switched to Competitor,12.6,Monthly,99,5000,0.12,167742.04,3510348.73
CUST3093,Corporate,Lagos,Premium,Wallet,10/28/2021,20000,66,94810.92,704,1,4.2,6257520.72,0,Not_Churned,,None,47.8,Daily,45,5000,-0.01,130910.48,7331614.8
CUST3094,SME,Kano,Standard,Wallet,4/26/2021,5000,31,98768.52,808,1,3,3061824.12,0,Not_Churned,,None,53.9,Monthly,92,0,0.19,56805.64,3579000.26
CUST3095,SME,Port Harcourt,Basic,Cash,7/26/2020,20000,49,17971.14,473,7,3.5,880585.86,0,Not_Churned,,None,63.1,Monthly,99,20000,0.34,13955.4,993285.21
CUST3096,Corporate,Lagos,Standard,Card,11/7/2021,5000,109,36214.53,824,0,4.7,3947383.77,0,Not_Churned,,None,47.4,Daily,43,50000,0.27,83278.14,4540126.29
CUST3097,Corporate,Abuja,Basic,Cash,8/8/2023,10000,96,43516.06,598,6,4.9,4177541.76,0,Not_Churned,,None,26.1,Weekly,92,5000,0.08,160059.07,5580206.99
CUST3098,Corporate,Enugu,Premium,Card,7/17/2023,20000,29,79875.22,591,8,4.8,2316381.38,0,Not_Churned,,None,26.9,Daily,48,0,0.37,86110.83,3135600.46
CUST3099,SME,Enugu,Premium,Wallet,2/29/2024,5000,193,63633.41,588,2,2.8,12281248.13,1,Is_Churned,8/1/2025,Switched to Competitor,19.3,Daily,44,10000,0.39,636334.1,15483219.27
CUST3100,SME,Port Harcourt,Premium,Cash,12/27/2020,20000,48,67992.91,411,6,2.7,3263659.68,0,Not_Churned,,None,57.9,Monthly,49,20000,0.1,56367.18,3684916.97
CUST3101,Retail,Enugu,Premium,Wallet,7/13/2023,30000,178,78175.88,638,5,2.9,13915306.64,0,Not_Churned,,None,27,Weekly,86,5000,0.32,515381.73,17586655.35
CUST3102,Retail,Enugu,Premium,Wallet,12/4/2023,10000,146,20618.11,759,6,3.3,3010244.06,0,Not_Churned,,None,22.2,Monthly,47,10000,-0.2,135596.58,3465730.54
CUST3103,Corporate,Lagos,Basic,Card,10/15/2021,5000,140,84988.85,480,6,2.9,11898439,0,Not_Churned,,None,48.2,Daily,62,5000,-0.16,246855.58,14492878.24
CUST3104,Enterprise,Kano,Basic,Cash,4/11/2022,30000,180,73505.78,782,9,3.1,13231040.4,1,Is_Churned,4/7/2024,High Fees,42.3,Monthly,43,50000,-0.19,312790.55,15231785.69
CUST3105,Enterprise,Port Harcourt,Premium,Cash,12/20/2022,20000,146,61960.76,669,0,3.9,9046270.96,1,Is_Churned,3/8/2025,Inactive,33.8,Monthly,97,50000,0.26,267641.15,10024285.99
CUST3106,SME,Lagos,Standard,Wallet,1/14/2022,30000,197,90076.18,689,2,4.3,17745007.46,1,Is_Churned,1/7/2020,None,45.2,Daily,76,20000,-0.15,392588.66,20540667.35
CUST3107,SME,Kano,Standard,Wallet,12/7/2022,20000,84,73027.57,447,9,,6134315.88,0,Not_Churned,,None,34.3,Monthly,46,10000,-0.19,178843.03,6930762.47
CUST3108,SME,Lagos,Premium,Card,3/16/2023,10000,86,28153,716,0,4.4,2421158,0,Not_Churned,,None,31,Daily,45,50000,-0.11,78101.87,3150608.33
CUST3109,Corporate,Ibadan,Basic,Transfer,6/27/2022,30000,139,48677.08,608,4,2.1,6766114.12,0,Not_Churned,,None,39.7,Monthly,84,0,-0.02,170431.09,8154436.42
CUST3110,Enterprise,Lagos,Standard,Transfer,2/27/2023,10000,92,54463.86,434,2,2.1,5010675.12,0,Not_Churned,,None,31.5,Weekly,90,20000,0.08,159069.05,5874582.95
CUST3111,Retail,Enugu,Standard,Wallet,2/19/2024,5000,181,14969.59,518,0,4.4,2709495.79,0,Not_Churned,,None,19.6,Daily,81,5000,-0.16,138239.58,4306752.47
CUST3112,Corporate,Kano,Standard,Transfer,12/13/2022,20000,131,95917.38,464,1,3.6,12565176.78,0,Not_Churned,,None,34.1,Weekly,54,10000,0.1,368480.26,14638139.26
CUST3113,Retail,Port Harcourt,Premium,Transfer,2/4/2021,20000,59,21571.95,714,9,3.7,1272745.05,0,Not_Churned,,None,56.6,Monthly,74,10000,-0.05,22486.66,1452525.18
CUST3114,Retail,Port Harcourt,Standard,Transfer,7/26/2024,10000,145,72771.51,641,4,2.2,10551868.95,0,Not_Churned,,None,14.4,Weekly,89,0,-0.04,732768.68,18036449.2
CUST3115,Corporate,Kano,Standard,Transfer,7/8/2022,10000,188,55560.79,435,2,2.8,10445428.52,0,Not_Churned,,None,39.3,Weekly,71,50000,0.29,265786.99,12472062.66
CUST3116,Retail,Enugu,Standard,Wallet,10/17/2023,5000,60,12306.9,651,5,3.9,738414,0,Not_Churned,,None,23.8,Weekly,53,10000,0.39,31025.8,1099793.28
CUST3117,Enterprise,Abuja,Standard,Transfer,8/24/2022,30000,19,93227.27,802,8,4.6,1771318.13,0,Not_Churned,,None,37.8,Monthly,74,0,0.08,46860.27,2267788.29
CUST3118,Retail,Lagos,Basic,Transfer,4/9/2023,20000,189,86665.31,642,5,4.8,16379743.59,0,Not_Churned,,None,30.2,Daily,50,0,-0.01,542375.62,22502714.91
CUST3119,Enterprise,Enugu,Premium,Card,11/18/2023,20000,62,57183.21,441,1,3.5,3545359.02,0,Not_Churned,,None,22.7,Monthly,49,5000,0.36,156183.22,4537797.76
CUST3120,Enterprise,Ibadan,Premium,Wallet,2/4/2020,5000,167,30604.81,468,1,3.6,5111003.27,0,Not_Churned,,None,68.8,Monthly,56,0,0.1,74287.84,5700492.17
CUST3121,Enterprise,Kano,Basic,Cash,6/9/2023,5000,92,20946.06,802,7,4.5,1927037.52,1,Is_Churned,8/29/2021,Poor Service,28.1,Monthly,52,20000,0.24,68577.85,2651322.32
CUST3122,SME,Lagos,Basic,Cash,1/14/2021,10000,101,42705.32,506,7,3.6,4313237.32,1,Is_Churned,8/14/2022,Switched to Competitor,57.3,Daily,96,10000,0.05,75274.65,5151157.23
CUST3123,Retail,Port Harcourt,Premium,Card,5/16/2023,10000,148,32988.55,438,5,3.6,4882305.4,0,Not_Churned,,None,28.9,Monthly,73,20000,-0.08,168937.9,6824968.21
CUST3124,Corporate,Abuja,Standard,Card,9/7/2021,30000,12,55602.21,468,9,4.7,667226.52,0,Not_Churned,,None,49.5,Monthly,99,0,0.19,13479.32,814317.64
CUST3125,Corporate,Ibadan,Standard,Wallet,3/5/2020,5000,177,96976.84,579,6,4.4,17164900.68,0,Not_Churned,,None,67.8,Daily,84,0,0.2,253169.63,19589454.34
CUST3126,Retail,Port Harcourt,Premium,Cash,3/13/2023,30000,44,61745.81,411,0,,2716815.64,0,Not_Churned,,None,31.1,Daily,90,20000,0.08,87357.42,2997926.11
CUST3127,SME,Kano,Standard,Transfer,6/22/2023,5000,186,90093.8,738,8,2.7,16757446.8,1,Is_Churned,11/1/2023,High Fees,27.7,Daily,44,5000,-0.04,604961.98,20287146.55
CUST3128,SME,Lagos,Basic,Card,8/24/2021,20000,18,68579.1,830,4,3.6,1234423.8,1,Is_Churned,6/28/2022,None,49.9,Weekly,87,0,0.3,24737.95,1337344.13
CUST3129,Enterprise,Kano,Standard,Cash,4/8/2021,5000,191,52772.19,603,8,4.5,10079488.29,1,Is_Churned,10/9/2020,Inactive,54.5,Daily,49,20000,-0.03,184944.74,10891918.65
CUST3130,Retail,Lagos,Standard,Wallet,2/19/2022,5000,57,86914.68,435,1,2.3,4954136.76,0,Not_Churned,,None,44,Weekly,71,20000,0.2,112594.02,5586708.63
CUST3131,Retail,Enugu,Standard,Transfer,12/12/2023,20000,131,52423.13,,7,4.4,6867430.03,1,Is_Churned,6/24/2023,None,21.9,Weekly,51,10000,0.03,313581.28,8019108.75
CUST3132,Corporate,Abuja,Premium,Wallet,2/5/2021,5000,159,88176.54,462,6,2.5,14020069.86,0,Not_Churned,,None,56.6,Monthly,91,5000,0.08,247704.41,15304983.3
CUST3133,Retail,Enugu,Basic,Card,1/20/2022,30000,179,36241.91,731,3,,6487301.89,1,Is_Churned,11/2/2024,Switched to Competitor,45,Weekly,52,50000,-0.07,144162.26,8161430.57
CUST3134,SME,Enugu,Standard,Cash,8/8/2020,10000,84,21593.18,481,2,3.8,1813827.12,0,Not_Churned,,None,62.6,Monthly,60,20000,0.19,28974.87,1982098.19
CUST3135,Retail,Kano,Premium,Cash,1/8/2022,10000,119,86978.3,706,3,2.6,10350417.7,0,Not_Churned,,None,45.4,Weekly,87,10000,-0.06,227982.77,11362072.52
CUST3136,Corporate,Abuja,Standard,Cash,3/20/2023,30000,138,62867.36,698,3,3.4,8675695.68,0,Not_Churned,,None,30.8,Daily,93,50000,0.09,281678.43,11341697.94
CUST3137,Enterprise,Lagos,Basic,Cash,8/3/2020,20000,59,90018.32,433,9,4,5311080.88,0,Not_Churned,,None,62.8,Monthly,92,10000,0,84571.35,6195405.02
CUST3138,Corporate,Lagos,Standard,Transfer,3/22/2023,5000,48,94404.45,639,9,3.9,4531413.6,0,Not_Churned,,None,30.8,Weekly,97,10000,0.38,147123.82,5388607.15
CUST3139,Corporate,Ibadan,Basic,Transfer,9/24/2023,30000,22,14826.56,,7,3.3,326184.32,1,Is_Churned,2/7/2022,Poor Service,24.6,Monthly,72,5000,0.39,13259.53,399197.72
CUST3140,Enterprise,Port Harcourt,Standard,Wallet,10/6/2023,10000,20,55087.24,448,3,,1101744.8,0,Not_Churned,,None,24.2,Daily,93,0,0.25,45526.64,1337383.11
CUST3141,Corporate,Ibadan,Basic,Transfer,9/26/2022,10000,16,43746.81,545,4,3.6,699948.96,0,Not_Churned,,None,36.7,Weekly,80,5000,0.39,19072.18,824668.69
CUST3142,Corporate,Ibadan,Standard,Card,4/13/2024,30000,152,66327.26,524,1,3.5,10081743.52,0,Not_Churned,,None,17.8,Weekly,87,50000,-0.13,566390.09,12225578.7
CUST3143,Retail,Lagos,Basic,Card,9/5/2020,10000,49,81423.21,588,3,2.2,3989737.29,0,Not_Churned,,None,61.7,Daily,90,5000,0.4,64663.49,4573141.88
CUST3144,Retail,Kano,Standard,Cash,8/4/2023,30000,196,35253.12,456,6,4.8,6909611.52,1,Is_Churned,9/21/2021,Inactive,26.3,Weekly,86,0,-0.14,262722.87,9641939.03
CUST3145,Enterprise,Enugu,Standard,Card,12/15/2023,10000,191,60111.85,748,2,2.5,11481363.35,0,Not_Churned,,None,21.8,Weekly,89,5000,0.05,526668.04,16207229.6
CUST3146,Retail,Enugu,Premium,Wallet,2/4/2020,30000,97,73785.57,508,0,3.6,7157200.29,0,Not_Churned,,None,68.8,Monthly,93,5000,-0.06,104029.07,7863640.33
CUST3147,Retail,Enugu,Premium,Transfer,2/6/2024,5000,26,22098.8,404,7,4.4,574568.8,1,Is_Churned,12/14/2021,Poor Service,20.1,Weekly,71,5000,0.37,28585.51,734666.48
CUST3148,Corporate,Abuja,Basic,Transfer,1/7/2021,5000,101,83266.02,423,7,2.6,8409868.02,1,Is_Churned,11/3/2024,None,57.6,Daily,51,20000,0.18,146004.65,9385911.19
CUST3149,SME,Lagos,Standard,Transfer,8/8/2021,5000,51,64549.86,620,5,3.6,3292042.86,0,Not_Churned,,None,50.5,Weekly,85,20000,0.16,65188.97,3736275.66
CUST3150,Retail,Kano,Basic,Card,6/2/2024,5000,33,95458.37,847,6,2.7,3150126.21,1,Is_Churned,4/14/2020,None,16.2,Monthly,74,5000,0.4,194452.24,4899066.19
CUST3151,SME,Abuja,Premium,Transfer,5/15/2020,10000,49,40557.6,714,9,4.3,1987322.4,0,Not_Churned,,None,65.5,Weekly,75,0,0.17,30340.8,2331767.64
CUST3152,Retail,Port Harcourt,Basic,Cash,7/19/2022,20000,81,19733.13,693,1,3.7,1598383.53,1,Is_Churned,10/7/2022,High Fees,39,Monthly,77,,0.19,40984.19,1747372.35
CUST3153,Retail,Kano,Basic,Cash,10/24/2023,30000,13,55585.11,816,4,4.6,722606.43,0,Not_Churned,,None,23.6,Weekly,87,0,-0.17,30618.92,1077179.19
CUST3154,Enterprise,Ibadan,Premium,Cash,10/17/2021,20000,28,17722.97,409,6,4.7,496243.16,1,Is_Churned,4/29/2024,Inactive,48.1,Monthly,67,0,0.32,10316.91,611708.28
CUST3155,Enterprise,Kano,Standard,Card,3/6/2021,10000,19,97257.39,564,8,3.9,1847890.41,0,Not_Churned,,None,55.6,Monthly,52,10000,0.38,33235.44,1982812.75
CUST3156,Enterprise,Kano,Basic,Transfer,8/4/2020,10000,168,13481.65,614,0,4.2,2264917.2,0,Not_Churned,,None,62.8,Weekly,51,5000,0.38,36065.56,2432703.72
CUST3157,SME,Enugu,Premium,Card,1/17/2022,20000,17,77815.35,525,2,3.6,1322860.95,0,Not_Churned,,None,45.1,Daily,61,5000,-0.07,29331.73,1493112.96
CUST3158,Corporate,Kano,Standard,Transfer,7/23/2024,20000,95,57259.22,666,5,3.2,5439625.9,0,Not_Churned,,None,14.5,Daily,83,10000,-0.06,375146.61,8454677.04
CUST3159,Retail,Ibadan,Premium,Wallet,4/10/2022,10000,176,43175.86,679,6,3.9,7598951.36,1,Is_Churned,7/4/2021,None,42.3,Weekly,41,0,0.02,179644.24,8355304.94
CUST3160,Retail,Ibadan,Basic,Wallet,8/1/2020,10000,105,15925.79,487,5,4.7,1672207.95,0,Not_Churned,,None,62.9,Weekly,68,50000,-0.01,26585.18,1799896.83
CUST3161,Retail,Lagos,Standard,Card,1/28/2021,30000,75,65995.02,513,0,3.3,4949626.5,0,Not_Churned,,None,56.9,Weekly,52,50000,-0.02,86988.16,5917289.35
CUST3162,SME,Kano,Standard,Cash,3/31/2020,5000,126,62669.83,420,3,2.9,7896398.58,0,Not_Churned,,None,67,Weekly,74,10000,0.16,117856.7,8365905.3
CUST3163,Enterprise,Enugu,Premium,Card,7/21/2022,5000,80,35279.49,547,5,3.2,2822359.2,0,Not_Churned,,None,38.9,Weekly,52,50000,0.28,72554.22,3300484.53
CUST3164,Corporate,Kano,Premium,Cash,5/7/2023,30000,168,91919.95,644,7,3.3,15442551.6,1,Is_Churned,9/1/2024,Switched to Competitor,29.2,Daily,96,20000,0.36,528854.51,20660767.6
CUST3165,SME,Port Harcourt,Premium,Transfer,8/17/2024,20000,120,37369.9,665,9,2.2,4484388,0,Not_Churned,,None,13.6,Monthly,73,5000,-0.16,329734.41,8110559.07
CUST3166,Enterprise,Port Harcourt,Standard,Cash,8/31/2020,10000,65,50475.29,616,3,3.5,3280893.85,0,Not_Churned,,None,61.9,Monthly,58,50000,-0.03,53003.13,3600204.91
CUST3167,SME,Enugu,Standard,Cash,1/29/2022,20000,172,58938.62,830,6,3.5,10137442.64,0,Not_Churned,,None,44.7,Daily,48,,-0.05,226788.43,11153440.82
CUST3168,Corporate,Lagos,Basic,Transfer,3/29/2023,5000,130,19020.87,639,2,3.8,2472713.1,1,Is_Churned,2/12/2024,Switched to Competitor,30.5,Daily,91,,0.01,81072.56,3253693.56
CUST3169,Enterprise,Lagos,Standard,Wallet,7/17/2023,5000,159,93894.55,830,7,3.1,14929233.45,0,Not_Churned,,None,26.9,Monthly,70,20000,0.05,554990.09,20453060.79
CUST3170,SME,Ibadan,Basic,Transfer,12/15/2022,20000,5,43708.25,798,0,3.8,218541.25,0,Not_Churned,,None,34,Daily,72,5000,0.03,6427.68,294518.23
CUST3171,Corporate,Ibadan,Premium,Card,2/19/2021,5000,166,17270.13,827,3,4.6,2866841.58,1,Is_Churned,11/15/2022,Poor Service,56.1,Weekly,66,5000,0.37,51102.35,3084327.13
CUST3172,Retail,Abuja,Premium,Card,1/17/2021,10000,72,44856.21,631,7,4.9,3229647.12,0,Not_Churned,,None,57.2,Daily,84,50000,0.06,56462.36,3759534.27
CUST3173,Corporate,Enugu,Standard,Card,3/16/2021,30000,92,64018.23,631,9,3.8,5889677.16,0,Not_Churned,,None,55.3,Daily,41,10000,0.13,106504.11,6609179.95
CUST3174,Retail,Kano,Premium,Card,12/30/2020,20000,25,56228.74,641,3,2.1,1405718.5,1,Is_Churned,8/19/2022,Switched to Competitor,57.8,Daily,54,50000,0.25,24320.39,1678877.01
CUST3175,SME,Enugu,Premium,Card,1/25/2022,10000,165,72508.78,589,1,4.9,11963948.7,1,Is_Churned,4/1/2022,None,44.8,Daily,58,0,0.24,267052.43,13745316.21
CUST3176,Enterprise,Abuja,Standard,Wallet,5/1/2022,10000,139,14993.55,789,1,4.1,2084103.45,1,Is_Churned,3/5/2020,Switched to Competitor,41.6,Monthly,96,20000,0.15,50098.64,2435477.42
CUST3177,Enterprise,Ibadan,Basic,Wallet,11/24/2023,5000,197,35608.65,628,3,3,7014904.05,1,Is_Churned,11/23/2021,Inactive,22.5,Monthly,70,0,0.32,311773.51,8306010.89
CUST3178,SME,Enugu,Standard,Cash,9/24/2024,10000,7,83730.75,465,3,,586115.25,0,Not_Churned,,None,12.4,Monthly,96,5000,0.17,47267.36,864445.86
CUST3179,Enterprise,Enugu,Basic,Card,7/27/2021,20000,55,17190.43,777,1,2.4,945473.65,0,Not_Churned,,None,50.9,Monthly,55,50000,0.32,18575.12,1068209.91
CUST3180,Enterprise,Ibadan,Standard,Transfer,10/1/2022,10000,83,86993.74,,6,2.5,7220480.42,0,Not_Churned,,None,36.5,Weekly,82,0,-0.02,197821.38,7845116.96
CUST3181,Retail,Abuja,Standard,Card,10/2/2020,30000,99,18270.65,678,5,2.1,1808794.35,0,Not_Churned,,None,60.8,Weekly,54,0,-0.12,29749.91,2015204.47
CUST3182,SME,Ibadan,Premium,Wallet,1/6/2023,10000,186,85100.88,668,2,4.7,15828763.68,1,Is_Churned,7/3/2024,Poor Service,33.3,Monthly,45,0,0.29,475338.25,18693564.12
CUST3183,Corporate,Lagos,Standard,Card,4/20/2021,10000,127,42470.96,608,7,3.6,5393811.92,1,Is_Churned,1/7/2022,Inactive,54.1,Monthly,53,5000,0.03,99700.77,6414204.93
CUST3184,Retail,Kano,Standard,Wallet,6/24/2021,30000,191,65098.82,814,7,4.1,12433874.62,0,Not_Churned,,None,52,Monthly,66,5000,0.19,239112.97,13381721.49
CUST3185,SME,Ibadan,Basic,Cash,12/21/2021,10000,10,23759.84,415,0,4.5,237598.4,1,Is_Churned,2/13/2023,None,46,Daily,77,5000,0.24,5165.18,288433.47
CUST3186,Retail,Abuja,Premium,Cash,8/17/2022,10000,161,15955.18,,2,4.4,2568783.98,0,Not_Churned,,None,38,Weekly,58,0,0,67599.58,3205984.7
CUST3187,Corporate,Port Harcourt,Basic,Cash,12/6/2021,5000,21,29434.44,619,4,4.6,618123.24,0,Not_Churned,,None,46.5,Weekly,76,20000,0.1,13292.97,686928.06
CUST3188,Corporate,Lagos,Basic,Wallet,6/11/2022,20000,121,21506.84,656,1,4.9,2602327.64,0,Not_Churned,,None,40.2,Daily,82,50000,0.34,64734.52,2845046.23
CUST3189,SME,Port Harcourt,Premium,Card,7/16/2024,5000,64,38116.53,766,4,3.3,2439457.92,0,Not_Churned,,None,14.7,Daily,43,50000,0.33,165949.52,4194623.21
CUST3190,Corporate,Ibadan,Premium,Card,7/3/2023,20000,154,56294.49,667,9,4.9,8669351.46,0,Not_Churned,,None,27.3,Daily,97,5000,0.25,317558.66,10334905.43
CUST3191,Retail,Lagos,Premium,Transfer,3/9/2023,30000,156,62988.35,628,2,4.2,9826182.6,1,Is_Churned,3/26/2020,None,31.2,Weekly,65,0,0.26,314941.75,11183594.48
CUST3192,Corporate,Kano,Standard,Wallet,4/19/2021,30000,129,81088.13,518,8,,10460368.77,0,Not_Churned,,None,54.2,Daily,99,20000,0.34,192995.73,11662988.54
CUST3193,Retail,Ibadan,Premium,Transfer,6/2/2020,30000,85,69061.59,839,0,4,5870235.15,1,Is_Churned,5/14/2023,Switched to Competitor,64.9,Daily,48,10000,0.24,90450.46,6467926.56
CUST3194,Retail,Kano,Premium,Cash,6/8/2020,20000,89,64788.25,577,3,4.1,5766154.25,0,Not_Churned,,None,64.7,Daily,80,5000,0,89121.39,6295070.83
CUST3195,Corporate,Enugu,Premium,Card,1/8/2023,20000,55,47060.38,419,9,4.7,2588320.9,0,Not_Churned,,None,33.2,Monthly,88,10000,-0.13,77961.47,3507356.34
CUST3196,SME,Port Harcourt,Basic,Wallet,11/22/2021,20000,182,52642.76,849,5,3.1,9580982.32,0,Not_Churned,,None,46.9,Daily,79,50000,0.05,204285.34,11813287.22
CUST3197,Enterprise,Lagos,Basic,Transfer,4/7/2024,30000,143,47306.87,435,8,3.8,6764882.41,0,Not_Churned,,None,18,Monthly,54,50000,-0.15,375826.8,10845151.09
CUST3198,Corporate,Kano,Standard,Transfer,2/27/2023,20000,188,85794.94,734,2,2,16129448.72,1,Is_Churned,12/28/2022,High Fees,31.5,Weekly,80,20000,-0.13,512045.99,19503272.77
CUST3199,Retail,Abuja,Basic,Transfer,5/3/2023,10000,75,30700.04,821,2,3,2302503,0,Not_Churned,,None,29.4,Weekly,76,20000,0.37,78316.43,3216128.95
CUST3200,Retail,Kano,Standard,Card,2/9/2024,5000,174,10514.88,805,4,2.2,1829589.12,1,Is_Churned,3/10/2023,High Fees,20,Weekly,43,10000,0.21,91479.46,2667187.73
CUST3201,Corporate,Abuja,Basic,Card,11/30/2021,30000,43,68618.79,507,6,3.6,2950607.97,1,Is_Churned,4/16/2024,None,46.7,Monthly,65,50000,0.31,63182.18,3613259.48
CUST3202,SME,Ibadan,Premium,Card,4/11/2020,5000,73,28221.6,588,4,4.5,2060176.8,1,Is_Churned,10/27/2024,None,66.6,Daily,91,20000,0.19,30933.59,2292422.66
CUST3203,SME,Lagos,Basic,Wallet,1/15/2020,10000,52,90110.36,577,7,2.6,4685738.72,0,Not_Churned,,None,69.5,Weekly,57,,0.05,67420.7,4985461.12
CUST3204,Retail,Kano,Standard,Card,8/28/2022,20000,129,87314.17,495,4,3.6,11263527.93,1,Is_Churned,8/1/2021,Poor Service,37.6,Daily,80,50000,-0.18,299561.91,14553307.59
CUST3205,Retail,Kano,Basic,Wallet,12/15/2021,5000,61,16905.46,714,6,2.6,1031233.06,0,Not_Churned,,None,46.2,Monthly,92,50000,0.37,22321.06,1195914.2
CUST3206,SME,Lagos,Premium,Transfer,10/12/2021,10000,25,19574.96,419,5,2.4,489374,0,Not_Churned,,None,48.3,Weekly,98,0,-0.16,10131.97,608090.38
CUST3207,Enterprise,Kano,Standard,Transfer,8/8/2023,10000,86,54565.44,563,9,3.5,4692627.84,0,Not_Churned,,None,26.1,Daily,74,20000,0.17,179794.17,5644413.06
CUST3208,Corporate,Abuja,Premium,Cash,7/21/2022,5000,103,64830.04,781,1,2.2,6677494.12,1,Is_Churned,9/1/2022,None,38.9,Daily,93,10000,-0.14,171657.95,8725615.79
CUST3209,Retail,Kano,Premium,Card,5/5/2022,30000,152,34741.75,496,2,3.8,5280746,0,Not_Churned,,None,41.5,Weekly,80,5000,-0.03,127246.89,5917212.25
CUST3210,Retail,Port Harcourt,Standard,Transfer,1/16/2023,5000,19,74511.79,542,3,2.1,1415724.01,0,Not_Churned,,None,32.9,Daily,80,5000,-0.09,43031.12,1687400.86
CUST3211,SME,Ibadan,Premium,Card,6/23/2022,30000,73,63542.44,461,4,2.3,4638598.12,0,Not_Churned,,None,39.8,Monthly,99,50000,0.13,116547.69,5611322.41
CUST3212,Corporate,Enugu,Premium,Wallet,6/7/2020,20000,183,39234.17,,8,3.6,7179853.11,0,Not_Churned,,None,64.7,Weekly,68,10000,0.33,110971.45,8205218.75
CUST3213,SME,Abuja,Basic,Transfer,3/17/2023,30000,80,12283.43,637,5,3.8,982674.4,0,Not_Churned,,None,30.9,Weekly,92,0,0.18,31801.76,1284235.83
CUST3214,Corporate,Port Harcourt,Premium,Card,1/16/2024,20000,66,77513.53,530,0,2.1,5115892.98,1,Is_Churned,4/22/2023,None,20.8,Weekly,63,20000,0.2,245956.39,6907997.99
CUST3215,Corporate,Ibadan,Premium,Transfer,1/22/2022,5000,123,29327.83,492,2,3.7,3607323.09,0,Not_Churned,,None,44.9,Weekly,43,0,0.35,80341.27,3903898.21
CUST3216,Corporate,Lagos,Premium,Transfer,10/26/2021,20000,41,85102.64,490,6,4.5,3489208.24,1,Is_Churned,1/17/2024,Poor Service,47.8,Monthly,60,10000,0.25,72995.99,4034082.03
CUST3217,Retail,Abuja,Premium,Card,5/30/2024,10000,138,47826.12,532,7,4.2,6600004.56,0,Not_Churned,,None,16.3,Monthly,78,0,0.32,404908.26,9034390.67
CUST3218,Enterprise,Enugu,Standard,Transfer,1/20/2020,20000,30,61936.97,522,6,2.4,1858109.1,1,Is_Churned,10/22/2021,Inactive,69.3,Daily,46,50000,0.05,26812.54,2097247.4
CUST3219,SME,Ibadan,Basic,Transfer,9/3/2021,30000,12,88565.39,839,4,3.8,1062784.68,0,Not_Churned,,None,49.6,Monthly,62,5000,0.32,21427.11,1162216.74
CUST3220,Enterprise,Enugu,Premium,Transfer,11/22/2021,30000,8,87726.07,814,9,4,701808.56,0,Not_Churned,,None,46.9,Daily,79,50000,0.19,14963.94,799750.93
CUST3221,SME,Lagos,Premium,Transfer,12/24/2023,30000,25,43436.76,741,7,2.1,1085919,0,Not_Churned,,None,21.5,Daily,98,20000,-0.12,50507.86,1676612.07
CUST3222,Corporate,Lagos,Standard,Wallet,6/24/2022,20000,163,28800,818,8,4.6,4694400,0,Not_Churned,,None,39.8,Weekly,60,50000,-0.18,117949.75,5142586.29
CUST3223,Retail,Abuja,Premium,Transfer,1/12/2022,30000,153,79763.15,517,6,4.7,12203761.95,1,Is_Churned,1/17/2024,Inactive,45.2,Daily,40,10000,-0.05,269994.73,14477389.42
CUST3224,Enterprise,Kano,Standard,Cash,2/22/2021,30000,29,48977.22,597,8,4.6,1420339.38,0,Not_Churned,,None,56,Weekly,98,10000,0.03,25363.2,1517120.96
CUST3225,Retail,Lagos,Basic,Transfer,3/2/2023,10000,147,27283.78,681,0,,4010715.66,1,Is_Churned,8/8/2021,Poor Service,31.4,Daily,80,20000,0.3,127729.8,4574382.33
CUST3226,SME,Ibadan,Basic,Card,10/2/2022,20000,167,91398.28,773,8,4.2,15263512.76,1,Is_Churned,11/11/2024,Poor Service,36.5,Monthly,64,20000,0.24,418178.43,18794782.6
CUST3227,Retail,Kano,Premium,Cash,10/21/2021,10000,181,27829.38,400,2,3.9,5037117.78,0,Not_Churned,,None,48,Weekly,70,5000,0.37,104939.95,5771273.26
CUST3228,Retail,Port Harcourt,Premium,Wallet,2/2/2023,30000,47,12322.65,610,5,4,579164.55,0,Not_Churned,,None,32.4,Daily,94,0,0.14,17875.45,721032.93
CUST3229,Enterprise,Enugu,Premium,Cash,9/25/2023,30000,173,11825.2,662,7,4.4,2045759.6,0,Not_Churned,,None,24.5,Monthly,83,,0.25,83500.39,2957487.75
CUST3230,Corporate,Kano,Standard,Cash,3/16/2021,30000,41,66008.38,819,2,4,2706343.58,0,Not_Churned,,None,55.3,Monthly,77,50000,-0.03,48939.31,3213118.34
CUST3231,Retail,Enugu,Premium,Cash,6/24/2023,20000,189,69550.76,731,3,3,13145093.64,0,Not_Churned,,None,27.6,Weekly,84,0,0.21,476271.51,18380190.6
CUST3232,Corporate,Kano,Premium,Card,8/6/2022,5000,46,37993.75,611,6,3.1,1747712.5,1,Is_Churned,8/10/2024,Inactive,38.4,Weekly,44,20000,0.22,45513.35,2136683.12
CUST3233,SME,Port Harcourt,Basic,Card,4/28/2023,30000,179,38800.99,486,6,4.7,6945377.21,0,Not_Churned,,None,29.5,Weekly,92,10000,0.31,235436.52,8689205.86
CUST3234,Retail,Lagos,Premium,Card,12/21/2023,30000,96,40554.45,552,3,2.1,3893227.2,0,Not_Churned,,None,21.6,Daily,70,50000,0.12,180242,5178853.41
CUST3235,Enterprise,Port Harcourt,Basic,Wallet,9/24/2023,30000,65,71214.27,749,8,4.1,4628927.55,0,Not_Churned,,None,24.6,Weekly,90,5000,0.19,188167.79,6446304.27
CUST3236,SME,Lagos,Premium,Card,4/9/2023,30000,146,15232.04,586,2,4.9,2223877.84,0,Not_Churned,,None,30.2,Monthly,97,20000,-0.08,73638.34,2790281.81
CUST3237,SME,Lagos,Basic,Card,5/4/2020,20000,72,93620.47,,7,4.1,6740673.84,1,Is_Churned,9/11/2025,Inactive,65.8,Monthly,40,0,0.24,102441.85,7145515.64
CUST3238,Enterprise,Enugu,Premium,Cash,10/16/2021,5000,57,30026.89,684,7,5,1711532.73,1,Is_Churned,2/13/2023,Inactive,48.2,Weekly,93,0,0.3,35508.98,1863420.77
CUST3239,Retail,Ibadan,Basic,Card,2/3/2023,5000,88,99970.59,494,3,4.1,8797411.92,0,Not_Churned,,None,32.3,Weekly,95,10000,0.16,272365.69,10489822.71
CUST3240,Retail,Port Harcourt,Standard,Transfer,9/27/2022,5000,38,25437.04,673,6,2.1,966607.52,1,Is_Churned,9/19/2025,Inactive,36.6,Monthly,69,20000,-0.13,26410.04,1061958.55
CUST3241,SME,Kano,Basic,Card,12/22/2021,30000,80,79439.18,440,3,4.5,6355134.4,0,Not_Churned,,None,45.9,Daily,57,20000,-0.01,138456.09,7068609.97
CUST3242,Retail,Port Harcourt,Basic,Wallet,12/10/2020,30000,101,30107.13,546,0,,3040820.13,0,Not_Churned,,None,58.5,Monthly,47,50000,0.09,51979.83,3503835.99
CUST3243,Corporate,Enugu,Basic,Wallet,7/20/2024,5000,156,17276.21,645,0,3.3,2695088.76,0,Not_Churned,,None,14.6,Monthly,95,50000,0.21,184595.12,3269525.29
CUST3244,Enterprise,Lagos,Premium,Transfer,4/17/2022,5000,152,88744,531,0,2.9,13489088,1,Is_Churned,8/15/2020,Switched to Competitor,42.1,Monthly,65,0,-0.01,320405.89,16192299.85
CUST3245,Corporate,Enugu,Premium,Wallet,7/3/2024,30000,34,87287.61,848,1,2.8,2967778.74,0,Not_Churned,,None,15.1,Weekly,79,5000,0.3,196541.64,4923606.35
CUST3246,Retail,Abuja,Premium,Wallet,7/1/2020,30000,92,46321.34,696,5,3.3,4261563.28,0,Not_Churned,,None,63.9,Daily,97,0,0.02,66691.13,4563766.31
CUST3247,SME,Abuja,Standard,Cash,8/8/2022,10000,11,73215.65,522,9,3.1,805372.15,0,Not_Churned,,None,38.3,Daily,54,50000,-0.17,21027.99,902704.63
CUST3248,Enterprise,Kano,Standard,Transfer,11/12/2023,10000,40,60135.93,542,4,3.9,2405437.2,0,Not_Churned,,None,22.9,Weekly,58,50000,0.28,105040.93,2747839.98
CUST3249,Retail,Enugu,Basic,Cash,7/26/2021,10000,42,86766.05,581,1,4.4,3644174.1,1,Is_Churned,7/18/2024,Poor Service,50.9,Monthly,49,50000,0.19,71594.78,4189157.37
CUST3250,Retail,Kano,Standard,Cash,1/16/2024,5000,56,38355.04,591,7,2.9,2147882.24,0,Not_Churned,,None,20.8,Weekly,63,0,0.28,103263.57,3066028.4
CUST3251,SME,Kano,Basic,Card,1/25/2022,20000,147,57130.52,798,8,2.6,8398186.44,1,Is_Churned,10/29/2024,High Fees,44.8,Weekly,55,20000,0.01,187459.52,9731433.51
CUST3252,SME,Abuja,Basic,Transfer,3/23/2020,30000,178,53683.51,606,6,4,9555664.78,0,Not_Churned,,None,67.2,Daily,82,5000,-0.19,142197.39,10480664.22
CUST3253,Corporate,Kano,Basic,Card,2/28/2021,10000,155,41851.52,833,8,4,6486985.6,0,Not_Churned,,None,55.8,Daily,70,5000,-0.16,116254.22,7311194.8
CUST3254,Enterprise,Abuja,Standard,Card,6/3/2022,20000,144,90230.96,630,3,4.7,12993258.24,0,Not_Churned,,None,40.5,Weekly,83,50000,-0.13,320821.19,16212299.08
CUST3255,Enterprise,Lagos,Premium,Cash,6/6/2024,30000,176,24929.01,421,6,2,4387505.76,0,Not_Churned,,None,16,Weekly,55,10000,0.28,274219.11,5292875.46
CUST3256,SME,Enugu,Standard,Wallet,4/4/2021,20000,147,23455.78,801,4,4.6,3447999.66,0,Not_Churned,,None,54.7,Daily,55,0,-0.02,63034.73,4081774.04
CUST3257,Corporate,Kano,Basic,Transfer,2/8/2021,5000,97,61921.86,479,4,3.6,6006420.42,0,Not_Churned,,None,56.5,Daily,67,20000,0.4,106308.33,6962885.09
CUST3258,Enterprise,Abuja,Basic,Wallet,8/8/2024,5000,111,69174.48,529,2,3.9,7678367.28,0,Not_Churned,,None,13.9,Monthly,59,50000,0.26,552400.52,10535846.17
CUST3259,SME,Port Harcourt,Standard,Cash,2/27/2020,5000,130,27515.73,691,8,2.3,3577044.9,1,Is_Churned,11/14/2023,Switched to Competitor,68.1,Weekly,74,10000,0.16,52526.36,3982688.21
CUST3260,Retail,Kano,Basic,Cash,6/5/2022,10000,53,45164.57,675,9,3.3,2393722.21,0,Not_Churned,,None,40.4,Monthly,98,50000,0.39,59250.55,2597758.36
CUST3261,Enterprise,Ibadan,Basic,Cash,3/22/2024,30000,25,95190.75,799,4,2.7,2379768.75,0,Not_Churned,,None,18.6,Monthly,48,,-0.01,127944.56,3200699.24
CUST3262,Corporate,Lagos,Standard,Cash,5/15/2022,5000,19,32195.57,722,5,,611715.83,0,Not_Churned,,None,41.1,Monthly,79,5000,-0.1,14883.6,679680.17
CUST3263,Corporate,Lagos,Standard,Cash,7/1/2023,10000,18,70152.46,775,2,3.5,1262744.28,0,Not_Churned,,None,27.4,Daily,49,10000,0.24,46085.56,1410250.56
CUST3264,Corporate,Port Harcourt,Standard,Cash,8/22/2024,10000,46,76613.45,813,9,4.4,3524218.7,0,Not_Churned,,None,13.5,Monthly,84,5000,-0.03,261053.24,5146352.79
CUST3265,Retail,Abuja,Basic,Wallet,5/26/2023,10000,19,50331.58,454,6,4.2,956300.02,1,Is_Churned,12/5/2022,High Fees,28.6,Daily,57,5000,0.38,33437.06,1275122.68
CUST3266,Enterprise,Kano,Basic,Card,7/11/2024,10000,67,94377.34,465,8,3.8,6323281.78,0,Not_Churned,,None,14.9,Daily,84,0,0.39,424381.33,11114206.17
CUST3267,Enterprise,Abuja,Premium,Wallet,11/1/2020,5000,31,76299.11,626,8,3.6,2365272.41,1,Is_Churned,9/14/2024,High Fees,59.8,Daily,84,10000,0.36,39553.05,2719682.42
CUST3268,Retail,Lagos,Premium,Transfer,4/4/2020,10000,97,51213.21,425,9,3.3,4967681.37,1,Is_Churned,3/27/2020,None,66.8,Weekly,54,20000,0.37,74366.49,5459818.97
CUST3269,Enterprise,Abuja,Standard,Wallet,9/16/2020,5000,109,61240.17,840,9,4.9,6675178.53,0,Not_Churned,,None,61.3,Monthly,84,20000,0.17,108893.61,7981407.78
CUST3270,Retail,Lagos,Premium,Cash,12/24/2021,5000,57,72335.21,652,4,3.7,4123106.97,0,Not_Churned,,None,45.9,Daily,69,10000,0.22,89828.04,4621337.5
CUST3271,Retail,Abuja,Basic,Wallet,5/4/2024,10000,56,63297.12,596,6,2.8,3544638.72,0,Not_Churned,,None,17.1,Weekly,87,0,-0.14,207288.81,4515617.35
CUST3272,Retail,Port Harcourt,Premium,Card,12/5/2022,5000,67,89082.78,529,2,2.7,5968546.26,0,Not_Churned,,None,34.3,Weekly,71,20000,0.26,174010.1,7216745.31
CUST3273,Corporate,Enugu,Basic,Transfer,2/3/2021,30000,185,42119.98,642,5,3.8,7792196.3,1,Is_Churned,9/14/2024,Poor Service,56.7,Weekly,79,50000,-0.08,137428.51,8828985.06
CUST3274,Enterprise,Port Harcourt,Standard,Wallet,2/13/2022,30000,61,36989.72,711,7,3.6,2256372.92,1,Is_Churned,7/14/2023,Switched to Competitor,44.2,Daily,66,20000,0.3,51049.16,2572541.27
CUST3275,Retail,Port Harcourt,Standard,Card,7/12/2021,20000,124,29245.5,611,7,2,3626442,0,Not_Churned,,None,51.4,Daily,66,,0.38,70553.35,4279730.35
CUST3276,Enterprise,Enugu,Basic,Wallet,11/20/2023,30000,56,13400.47,589,1,4.5,750426.32,0,Not_Churned,,None,22.7,Daily,58,5000,-0.07,33058.43,904306.07
CUST3277,Corporate,Enugu,Premium,Transfer,2/1/2020,5000,111,13871.26,689,5,4.1,1539709.86,1,Is_Churned,8/27/2023,Poor Service,68.9,Weekly,49,5000,-0.15,22347.02,1709391.89
CUST3278,Retail,Kano,Standard,Wallet,7/1/2023,5000,47,88304.97,625,6,4,4150333.59,0,Not_Churned,,None,27.4,Daily,83,5000,0.09,151472.03,5286546.92
CUST3279,SME,Kano,Standard,Cash,2/14/2022,30000,139,71055.38,,6,,9876697.82,1,Is_Churned,5/16/2023,Inactive,44.1,Monthly,85,0,0.27,223961.4,12209049.18
CUST3280,Corporate,Port Harcourt,Premium,Wallet,2/3/2020,10000,121,69447.92,455,2,3.1,8403198.32,1,Is_Churned,1/2/2022,Poor Service,68.9,Daily,45,5000,0.26,121962.24,9786581.12
CUST3281,SME,Port Harcourt,Premium,Card,7/10/2021,10000,174,65317.85,454,8,4.8,11365305.9,0,Not_Churned,,None,51.4,Daily,92,5000,0.22,221114.9,13348572.27
CUST3282,Enterprise,Lagos,Basic,Wallet,10/18/2020,5000,8,86429.72,675,1,4.6,691437.76,0,Not_Churned,,None,60.3,Monthly,63,,0.29,11466.63,757351.93
CUST3283,Enterprise,Lagos,Premium,Card,9/20/2023,10000,137,53224.02,705,2,2.9,7291690.74,0,Not_Churned,,None,24.7,Daily,48,50000,-0.1,295210.15,10009542.71
CUST3284,Corporate,Kano,Premium,Transfer,9/13/2022,20000,84,88336.97,808,1,2.5,7420305.48,0,Not_Churned,,None,37.1,Daily,66,20000,0.19,200008.23,8472816.67
CUST3285,Enterprise,Ibadan,Premium,Wallet,1/31/2022,20000,45,42350.05,739,8,,1905752.25,0,Not_Churned,,None,44.6,Daily,46,0,0.16,42729.87,2405644.66
CUST3286,SME,Ibadan,Basic,Transfer,6/8/2023,30000,136,93403.68,552,3,3.1,12702900.48,0,Not_Churned,,None,28.2,Daily,45,0,-0.11,450457.46,17388225.11
CUST3287,Retail,Kano,Basic,Transfer,4/16/2022,30000,6,72879.13,452,1,4,437274.78,1,Is_Churned,6/16/2025,High Fees,42.1,Weekly,93,10000,0.05,10386.57,508741.6
CUST3288,Retail,Lagos,Standard,Wallet,4/15/2023,10000,199,33145.94,797,2,4.9,6596042.06,0,Not_Churned,,None,30,Daily,72,5000,0.31,219868.07,8807715.17
CUST3289,Retail,Lagos,Basic,Card,8/2/2022,5000,153,60767.64,843,3,,9297448.92,0,Not_Churned,,None,38.5,Monthly,60,50000,0.38,241492.18,10910109.75
CUST3290,Corporate,Ibadan,Standard,Transfer,9/15/2020,30000,47,57972.75,510,9,2.2,2724719.25,0,Not_Churned,,None,61.4,Monthly,85,,0.2,44376.54,2887647.64
CUST3291,Enterprise,Abuja,Premium,Transfer,8/1/2020,20000,86,22410.89,826,5,4.7,1927336.54,0,Not_Churned,,None,62.9,Weekly,95,50000,0.35,30641.28,2214167.08
CUST3292,SME,Abuja,Standard,Wallet,6/17/2020,30000,112,63211.86,845,4,2.1,7079728.32,0,Not_Churned,,None,64.4,Daily,77,5000,-0.12,109933.67,7809855.51
CUST3293,Enterprise,Lagos,Standard,Wallet,6/23/2023,30000,141,38330.71,603,2,4.9,5404630.11,0,Not_Churned,,None,27.7,Monthly,83,5000,0.39,195113,7623626.51
CUST3294,Enterprise,Abuja,Premium,Wallet,3/20/2022,20000,160,14711.39,511,9,4,2353822.4,0,Not_Churned,,None,43,Weekly,56,5000,-0.18,54740.06,2669073.37
CUST3295,Enterprise,Enugu,Standard,Wallet,9/4/2023,5000,30,95379.05,724,7,4.8,2861371.5,0,Not_Churned,,None,25.2,Daily,70,,0.12,113546.49,4063828.35
CUST3296,Retail,Kano,Basic,Wallet,6/11/2020,30000,86,67734.13,846,7,2.6,5825135.18,0,Not_Churned,,None,64.6,Weekly,76,50000,-0.03,90172.37,6647862.45
CUST3297,SME,Kano,Basic,Cash,12/17/2022,30000,87,88922.7,657,6,2.1,7736274.9,0,Not_Churned,,None,33.9,Daily,50,50000,0.29,228208.7,10173525.94
CUST3298,SME,Lagos,Basic,Wallet,12/18/2020,30000,135,70845.04,837,2,3.5,9564080.4,0,Not_Churned,,None,58.2,Weekly,67,10000,-0.07,164331.28,10488762.24
CUST3299,Enterprise,Port Harcourt,Basic,Card,11/22/2023,10000,77,42128.53,415,0,3.4,3243896.81,0,Not_Churned,,None,22.6,Weekly,44,0,-0.19,143535.26,4270476.65
CUST3300,Retail,Ibadan,Standard,Transfer,1/14/2023,30000,104,56141.93,838,4,3,5838760.72,1,Is_Churned,7/17/2020,Inactive,33,Monthly,51,5000,0.05,176932.14,7680298.84
CUST3301,Retail,Lagos,Standard,Card,3/28/2020,20000,53,70817.21,749,0,4.9,3753312.13,0,Not_Churned,,None,67.1,Monthly,42,5000,-0.16,55936.1,4245235.03
CUST3302,SME,Abuja,Premium,Card,2/1/2023,5000,149,96422.71,826,5,4.5,14366983.79,0,Not_Churned,,None,32.4,Weekly,95,10000,-0.03,443425.43,17133646.93
CUST3303,Retail,Ibadan,Standard,Cash,6/27/2021,5000,67,32830.25,844,6,4,2199626.75,1,Is_Churned,4/7/2024,Poor Service,51.9,Daily,80,50000,0.19,42382.02,2522067.58
CUST3304,Retail,Port Harcourt,Standard,Wallet,4/30/2022,20000,59,88747.94,565,4,2.5,5236128.46,0,Not_Churned,,None,41.6,Daily,77,20000,-0.02,125868.47,6742129.85
CUST3305,Retail,Abuja,Standard,Transfer,9/17/2021,10000,155,93167,700,3,4.2,14440885,1,Is_Churned,9/4/2021,Poor Service,49.1,Daily,93,50000,-0.05,294111.71,17286895.73
CUST3306,Corporate,Enugu,Premium,Card,11/20/2022,20000,38,70337.4,781,1,4.2,2672821.2,0,Not_Churned,,None,34.8,Daily,41,20000,-0.11,76805.21,3328023.81
CUST3307,Enterprise,Abuja,Basic,Wallet,5/12/2022,5000,109,93814,,4,3.3,10225726,0,Not_Churned,,None,41.2,Daily,65,20000,-0.12,248197.23,12819685.37
CUST3308,SME,Enugu,Standard,Wallet,6/15/2020,20000,109,45809.07,825,8,4.8,4993188.63,0,Not_Churned,,None,64.4,Monthly,41,50000,0.12,77533.98,5534241.6
CUST3309,SME,Ibadan,Premium,Cash,6/10/2021,10000,73,95771.46,679,3,2.5,6991316.58,0,Not_Churned,,None,52.4,Weekly,93,5000,0.21,133422.07,8532418.23
CUST3310,Corporate,Enugu,Premium,Cash,9/29/2021,5000,19,73250.46,770,1,2.8,1391758.74,0,Not_Churned,,None,48.7,Monthly,51,20000,0.07,28578.21,1619475.46
CUST3311,Enterprise,Ibadan,Premium,Cash,2/2/2023,10000,179,13780.52,557,5,2.2,2466713.08,0,Not_Churned,,None,32.4,Daily,79,,-0.13,76133.12,2919084.62
CUST3312,SME,Ibadan,Basic,Transfer,11/8/2021,20000,7,91618.55,820,7,4.4,641329.85,0,Not_Churned,,None,47.4,Weekly,41,10000,0.19,13530.17,692395.35
CUST3313,Retail,Ibadan,Standard,Card,7/15/2021,30000,160,53602.55,648,1,3.9,8576408,1,Is_Churned,6/15/2023,High Fees,51.3,Daily,80,20000,0.13,167181.44,9643235.6
CUST3314,SME,Ibadan,Premium,Cash,3/1/2022,20000,7,51429.43,778,8,2.9,360006.01,0,Not_Churned,,None,43.6,Daily,55,5000,0.03,8257.02,427034.46
CUST3315,Retail,Ibadan,Basic,Cash,6/20/2022,10000,106,60981.99,580,6,2.5,6464090.94,0,Not_Churned,,None,39.9,Weekly,99,,0,162007.29,7975494.67
CUST3316,Corporate,Abuja,Premium,Cash,1/19/2024,20000,8,23444.61,590,1,,187556.88,0,Not_Churned,,None,20.7,Daily,69,10000,-0.09,9060.72,286101.75
CUST3317,Retail,Ibadan,Premium,Card,9/21/2020,30000,92,52224.94,538,4,2.5,4804694.48,0,Not_Churned,,None,61.2,Monthly,96,10000,-0.11,78508.08,5707195.71
CUST3318,SME,Abuja,Premium,Card,5/21/2020,10000,163,84801.45,477,4,3.4,13822636.35,1,Is_Churned,3/1/2022,Inactive,65.3,Monthly,86,50000,0,211678.96,14652858.88
CUST3319,SME,Ibadan,Premium,Cash,4/17/2021,20000,49,11393.42,806,6,2.7,558277.58,0,Not_Churned,,None,54.2,Monthly,85,5000,-0.18,10300.32,644883.93
CUST3320,SME,Enugu,Premium,Cash,6/15/2021,10000,191,34562.54,772,4,2.8,6601445.14,0,Not_Churned,,None,52.3,Daily,91,50000,0.06,126222.66,7737361.57
CUST3321,Corporate,Ibadan,Basic,Wallet,5/1/2024,10000,49,10220.91,735,5,4.6,500824.59,0,Not_Churned,,None,17.2,Monthly,75,0,0.16,29117.71,633268.68
CUST3322,Corporate,Port Harcourt,Standard,Cash,2/16/2023,5000,79,47414.02,449,8,3.5,3745707.58,1,Is_Churned,4/12/2022,High Fees,31.9,Daily,43,20000,0.36,117420.3,4674549.83
CUST3323,Enterprise,Ibadan,Standard,Transfer,8/18/2021,5000,169,75548.4,484,2,4.2,12767679.6,0,Not_Churned,,None,50.1,Daily,50,50000,0.18,254843.9,14300183.88
CUST3324,SME,Ibadan,Standard,Transfer,8/19/2023,10000,197,81889.46,582,2,2.1,16132223.62,0,Not_Churned,,None,25.8,Monthly,92,5000,0.17,625279.99,18443731.29
CUST3325,Retail,Enugu,Standard,Cash,2/10/2024,20000,13,95067.08,582,7,3.1,1235872.04,0,Not_Churned,,None,19.9,Monthly,63,20000,0.02,62104.12,1458999.29
CUST3326,Corporate,Kano,Basic,Card,6/6/2020,20000,149,64765.42,403,9,3.4,9650047.58,0,Not_Churned,,None,64.7,Daily,57,20000,-0.12,149150.66,11116633.74
CUST3327,SME,Enugu,Basic,Wallet,8/12/2021,20000,122,32916.42,837,5,2.6,4015803.24,0,Not_Churned,,None,50.3,Daily,66,20000,0.07,79837.04,4697539.51
CUST3328,SME,Port Harcourt,Basic,Card,7/10/2020,30000,69,93173.32,716,9,2.4,6428959.08,0,Not_Churned,,None,63.6,Daily,76,20000,0.16,101084.26,7382799.63
CUST3329,Corporate,Kano,Premium,Cash,11/29/2022,10000,135,79778.42,510,2,4.6,10770086.7,1,Is_Churned,5/2/2020,Poor Service,34.5,Daily,41,20000,0.23,312176.43,13631965.32
CUST3330,Enterprise,Lagos,Premium,Transfer,5/6/2022,10000,30,61698.56,733,1,4.8,1850956.8,0,Not_Churned,,None,41.4,Monthly,54,5000,0.3,44709.1,2039128.88
CUST3331,Corporate,Lagos,Premium,Wallet,9/26/2023,30000,185,72607.62,738,1,2.2,13432409.7,0,Not_Churned,,None,24.5,Daily,50,0,-0.05,548261.62,15825071.27
CUST3332,Corporate,Port Harcourt,Standard,Card,9/3/2024,10000,163,93188.47,650,1,3,15189720.61,0,Not_Churned,,None,13.1,Daily,66,10000,-0.06,1159520.66,21303123.48
CUST3333,Retail,Enugu,Premium,Card,2/5/2024,10000,30,74115.46,532,4,4.9,2223463.8,0,Not_Churned,,None,20.1,Daily,95,0,0.14,110620.09,2952660.96
CUST3334,Retail,Abuja,Standard,Cash,7/3/2023,30000,27,43153.71,499,4,2.2,1165150.17,0,Not_Churned,,None,27.3,Daily,88,10000,0.14,42679.49,1653940.61
CUST3335,Enterprise,Port Harcourt,Premium,Wallet,9/3/2024,5000,34,74172.54,,0,3.9,2521866.36,0,Not_Churned,,None,13.1,Daily,87,50000,-0.07,192508.88,4266965.34
CUST3336,SME,Kano,Standard,Transfer,6/20/2023,10000,14,13625.03,571,1,4.9,190750.42,0,Not_Churned,,None,27.8,Weekly,86,20000,0.15,6861.53,227092.95
CUST3337,Corporate,Kano,Premium,Cash,5/15/2020,30000,76,44777.4,686,1,4.9,3403082.4,0,Not_Churned,,None,65.5,Weekly,62,50000,0.01,51955.46,3585127.13
CUST3338,Enterprise,Ibadan,Premium,Wallet,12/1/2023,20000,68,46569.07,518,3,3.4,3166696.76,0,Not_Churned,,None,22.3,Weekly,74,50000,0.18,142004.34,4467174.71
CUST3339,Retail,Lagos,Basic,Card,4/22/2022,5000,154,25015.44,749,6,2.5,3852377.76,0,Not_Churned,,None,41.9,Monthly,91,10000,-0.03,91942.19,4645642.68
CUST3340,Corporate,Kano,Premium,Cash,4/9/2024,20000,147,12077.69,804,2,2.6,1775420.43,0,Not_Churned,,None,18,Daily,69,,0.16,98634.47,2671205.97
CUST3341,SME,Port Harcourt,Premium,Card,9/5/2023,10000,127,22004.31,574,4,4.7,2794547.37,0,Not_Churned,,None,25.2,Monthly,86,20000,0.26,110894.74,3387902.72
CUST3342,Retail,Kano,Basic,Card,11/7/2022,5000,109,68915.93,429,8,4.7,7511836.37,0,Not_Churned,,None,35.3,Daily,63,50000,0.39,212799.9,9140323.66
CUST3343,Retail,Port Harcourt,Standard,Cash,4/4/2022,30000,188,82205.99,454,4,3.8,15454726.12,0,Not_Churned,,None,42.5,Weekly,58,0,0.35,363640.61,17729416.2
CUST3344,Retail,Abuja,Basic,Cash,4/5/2022,10000,78,98938.31,760,8,4.3,7717188.18,1,Is_Churned,5/16/2025,Switched to Competitor,42.5,Daily,99,20000,0.1,181580.9,9598237.53
CUST3345,Enterprise,Ibadan,Basic,Cash,6/10/2023,30000,152,41172.72,595,0,4.2,6258253.44,0,Not_Churned,,None,28.1,Monthly,68,5000,0.09,222713.65,7065494.77
CUST3346,SME,Lagos,Standard,Cash,3/27/2024,5000,109,63944.13,440,8,,6969910.17,0,Not_Churned,,None,18.4,Monthly,52,20000,0.06,378799.47,9045343.49
CUST3347,Corporate,Kano,Premium,Cash,7/25/2021,20000,51,94343.05,572,4,,4811495.55,1,Is_Churned,1/16/2023,Switched to Competitor,50.9,Daily,87,50000,-0.18,94528.4,5608047.03
CUST3348,Enterprise,Port Harcourt,Standard,Card,10/10/2023,10000,91,25033.76,729,7,4.1,2278072.16,0,Not_Churned,,None,24,Monthly,62,0,-0.1,94919.67,2738149.05
CUST3349,Enterprise,Enugu,Premium,Transfer,1/31/2020,10000,57,74588.1,618,4,3.6,4251521.7,1,Is_Churned,3/31/2024,None,69,Weekly,51,50000,-0.16,61616.26,4809421.49
CUST3350,Enterprise,Lagos,Premium,Transfer,11/27/2023,30000,185,77948.09,607,5,2.7,14420396.65,0,Not_Churned,,None,22.4,Daily,88,5000,0.22,643767.71,17144147.32
CUST3351,Retail,Abuja,Standard,Cash,12/10/2021,5000,133,18007.8,,7,4.2,2395037.4,0,Not_Churned,,None,46.3,Weekly,87,10000,0.05,51728.67,2560843.88
CUST3352,SME,Port Harcourt,Basic,Card,6/3/2023,30000,6,87512.44,732,1,3.4,525074.64,0,Not_Churned,,None,28.3,Weekly,80,0,-0.16,18553.87,724926.62
CUST3353,Enterprise,Ibadan,Standard,Transfer,11/26/2023,5000,62,83179.45,627,2,2.9,5157125.9,0,Not_Churned,,None,22.5,Monthly,68,5000,0.21,229205.6,6532588.72
CUST3354,Corporate,Ibadan,Premium,Transfer,3/20/2020,10000,151,13006.27,484,8,4.4,1963946.77,1,Is_Churned,2/27/2024,Switched to Competitor,67.3,Daily,45,5000,0.19,29181.97,2092686.95
CUST3355,SME,Abuja,Standard,Transfer,12/1/2021,5000,194,18197.6,572,4,4.1,3530334.4,0,Not_Churned,,None,46.6,Weekly,90,50000,0.23,75758.25,3875366.4
CUST3356,Corporate,Abuja,Standard,Card,8/17/2022,10000,76,14421.42,644,4,4.8,1096027.92,0,Not_Churned,,None,38,Weekly,62,50000,0.16,28842.84,1412522.09
CUST3357,SME,Ibadan,Premium,Cash,3/9/2021,5000,144,40126.92,,8,2.5,5778276.48,0,Not_Churned,,None,55.5,Daily,70,50000,-0.1,104113.09,6703829.65
CUST3358,Corporate,Kano,Basic,Cash,2/17/2022,20000,158,55836.01,572,9,3.9,8822089.58,0,Not_Churned,,None,44,Monthly,84,10000,-0.16,200502.04,11149340.28
CUST3359,Retail,Kano,Standard,Cash,1/20/2021,5000,31,57911.3,734,2,2.7,1795250.3,0,Not_Churned,,None,57.1,Weekly,60,20000,0.29,31440.46,2115954.37
CUST3360,Enterprise,Port Harcourt,Premium,Wallet,6/27/2023,20000,33,34090.01,611,3,4.7,1124970.33,0,Not_Churned,,None,27.5,Daily,63,20000,-0.07,40908.01,1530282.1
CUST3361,Corporate,Enugu,Premium,Wallet,5/3/2024,5000,19,92043.72,483,6,2.3,1748830.68,0,Not_Churned,,None,17.2,Daily,47,50000,0.13,101676.2,2511238.03
CUST3362,SME,Port Harcourt,Standard,Wallet,9/18/2023,5000,178,43143.65,572,1,4,7679569.7,1,Is_Churned,3/13/2023,Inactive,24.8,Weekly,83,50000,0.09,309660.07,10896084.47
CUST3363,Enterprise,Enugu,Basic,Card,7/9/2020,30000,133,14099.51,582,7,4.4,1875234.83,0,Not_Churned,,None,63.6,Weekly,48,10000,0.35,29484.82,2073191.88
CUST3364,Enterprise,Abuja,Standard,Transfer,4/17/2020,30000,64,37020.44,842,4,3.1,2369308.16,0,Not_Churned,,None,66.4,Weekly,61,20000,0.13,35682.35,2741938.98
CUST3365,SME,Lagos,Basic,Transfer,10/10/2022,10000,111,57799.85,532,0,4.9,6415783.35,0,Not_Churned,,None,36.2,Monthly,43,10000,0.15,177231.58,8156139.11
CUST3366,Corporate,Port Harcourt,Basic,Card,1/14/2020,30000,189,46739.96,779,2,4.6,8833852.44,1,Is_Churned,3/23/2025,None,69.5,Monthly,52,5000,-0.01,127105.79,9991271.07
CUST3367,Retail,Port Harcourt,Basic,Card,7/14/2023,5000,7,34645.83,687,8,2.9,242520.81,0,Not_Churned,,None,27,Daily,73,20000,0.38,8982.25,296121.84
CUST3368,Retail,Enugu,Basic,Cash,5/7/2021,30000,119,21819.09,661,4,2,2596471.71,0,Not_Churned,,None,53.6,Daily,42,50000,0.17,48441.64,3016771.18
CUST3369,Corporate,Abuja,Standard,Cash,2/9/2022,5000,150,83724.81,749,7,,12558721.5,1,Is_Churned,10/7/2022,Inactive,44.3,Weekly,76,0,-0.2,283492.58,14702233.82
CUST3370,Enterprise,Abuja,Premium,Wallet,6/12/2024,20000,56,99653.07,,0,2.8,5580571.92,0,Not_Churned,,None,15.8,Daily,95,5000,0.13,353200.75,8107329.68
CUST3371,Enterprise,Enugu,Premium,Wallet,2/2/2024,5000,64,39658.79,692,6,4.7,2538162.56,0,Not_Churned,,None,20.2,Monthly,67,0,0.02,125651.61,4034951.77
CUST3372,Enterprise,Abuja,Premium,Card,8/10/2023,10000,38,44345.89,668,6,4.9,1685143.82,0,Not_Churned,,None,26.1,Daily,65,10000,-0.18,64564.9,2171936.15
CUST3373,Enterprise,Ibadan,Premium,Wallet,10/9/2023,20000,100,65623.38,748,7,2.2,6562338,1,Is_Churned,4/25/2025,Switched to Competitor,24.1,Daily,89,10000,0.06,272296.18,7457613.97
CUST3374,Corporate,Kano,Premium,Transfer,10/24/2022,10000,93,74659.73,596,2,3.4,6943354.89,1,Is_Churned,9/20/2021,Switched to Competitor,35.7,Weekly,92,10000,0.26,194491.73,8623415.33
CUST3375,Enterprise,Ibadan,Premium,Card,6/30/2023,10000,64,45282.66,,0,3.6,2898090.24,1,Is_Churned,5/28/2020,Poor Service,27.4,Weekly,85,50000,0.1,105769.72,3908413.02
CUST3376,SME,Lagos,Standard,Card,9/8/2023,10000,158,91443.66,540,8,2.3,14448098.28,0,Not_Churned,,None,25.1,Monthly,96,10000,0.18,575621.45,20760740.15
CUST3377,Enterprise,Port Harcourt,Basic,Transfer,6/28/2021,30000,23,60400.36,622,0,3.1,1389208.28,0,Not_Churned,,None,51.8,Daily,73,0,0.18,26818.69,1622374.19
CUST3378,Retail,Lagos,Premium,Cash,3/17/2022,10000,115,50535.11,419,5,3,5811537.65,0,Not_Churned,,None,43.1,Daily,54,5000,0.2,134838.46,6239665.12
CUST3379,Enterprise,Port Harcourt,Standard,Cash,11/30/2023,20000,26,68200.55,646,8,3.6,1773214.3,1,Is_Churned,11/11/2021,Inactive,22.3,Daily,47,50000,0.03,79516.34,2097458.08
CUST3380,Corporate,Kano,Premium,Transfer,1/6/2020,5000,165,95752.35,727,1,,15799137.75,1,Is_Churned,4/27/2022,High Fees,69.8,Weekly,87,5000,0.02,226348.68,16806652.15
CUST3381,Retail,Abuja,Premium,Transfer,1/18/2022,10000,170,81509.71,843,3,4.1,13856650.7,0,Not_Churned,,None,45,Monthly,74,10000,-0.2,307925.57,15365902.31
CUST3382,Corporate,Ibadan,Basic,Wallet,5/2/2021,20000,132,13601.18,600,1,2.4,1795355.76,0,Not_Churned,,None,53.7,Daily,63,20000,-0.11,33433.07,2136306.04
CUST3383,Corporate,Enugu,Basic,Card,8/26/2022,10000,39,39907.89,804,3,4.4,1556407.71,0,Not_Churned,,None,37.7,Daily,91,50000,0.37,41284.02,1795352.87
CUST3384,Retail,Ibadan,Basic,Wallet,10/26/2020,5000,111,52349.02,514,1,4,5810741.22,0,Not_Churned,,None,60,Daily,91,10000,0.31,96845.69,6373536.97
CUST3385,Corporate,Kano,Premium,Transfer,12/7/2022,20000,132,38306.58,782,0,4.7,5056468.56,0,Not_Churned,,None,34.3,Daily,99,50000,-0.03,147418.91,6501216.24
CUST3386,Corporate,Lagos,Premium,Wallet,8/30/2022,20000,199,73016.88,588,2,3.3,14530359.12,0,Not_Churned,,None,37.6,Monthly,94,20000,0.04,386445.72,17124155.37
CUST3387,Enterprise,Enugu,Premium,Transfer,1/25/2021,5000,87,84364.22,425,7,4.7,7339687.14,0,Not_Churned,,None,57,Monthly,76,0,0.36,128766.44,7800897.02
CUST3388,SME,Abuja,Basic,Wallet,1/9/2021,20000,142,75821.06,453,4,4.6,10766590.52,0,Not_Churned,,None,57.5,Monthly,43,0,-0.05,187245.05,12314383.8
CUST3389,Corporate,Kano,Standard,Wallet,6/29/2024,5000,147,99040,569,3,3.3,14558880,1,Is_Churned,9/22/2022,Poor Service,15.3,Weekly,94,,0.12,951560.78,18527468.06
CUST3390,Corporate,Enugu,Premium,Cash,5/17/2022,20000,143,34529.29,794,4,3.1,4937688.47,1,Is_Churned,9/4/2023,Inactive,41.1,Daily,51,20000,-0.19,120138.41,5916213.42
CUST3391,Corporate,Kano,Premium,Transfer,3/5/2023,20000,115,88749.05,820,5,4.8,10206140.75,1,Is_Churned,8/16/2023,None,31.3,Daily,58,5000,0.17,326074.78,13472347.87
CUST3392,Enterprise,Kano,Premium,Wallet,6/15/2023,5000,94,78996.04,,5,4.1,7425627.76,0,Not_Churned,,None,27.9,Daily,54,20000,0.36,266151.53,10450548.08
CUST3393,SME,Abuja,Standard,Card,6/21/2022,5000,28,42596.09,410,4,4.8,1192690.52,0,Not_Churned,,None,39.9,Daily,96,20000,0.33,29891.99,1300405.39
CUST3394,Retail,Port Harcourt,Premium,Wallet,2/10/2024,20000,81,76071.21,426,5,4.4,6161768.01,0,Not_Churned,,None,19.9,Monthly,69,,0.1,309636.58,7937750.24
CUST3395,Enterprise,Enugu,Standard,Wallet,11/17/2020,20000,105,19366.84,749,8,3.8,2033518.2,1,Is_Churned,2/12/2021,Inactive,59.3,Weekly,84,0,0.19,34292.04,2337762.98
CUST3396,Enterprise,Abuja,Premium,Card,9/26/2024,5000,136,81040.01,482,4,2.3,11021441.36,0,Not_Churned,,None,12.3,Weekly,76,50000,0.14,896052.14,16253558.79
CUST3397,SME,Kano,Standard,Transfer,4/19/2022,30000,17,57909.75,689,5,2.9,984465.75,0,Not_Churned,,None,42,Daily,51,5000,-0.16,23439.66,1149931.68
CUST3398,SME,Abuja,Premium,Cash,3/30/2023,5000,189,36306.12,437,3,4.9,6861856.68,0,Not_Churned,,None,30.5,Monthly,58,50000,-0.1,224978.91,7577473.67
CUST3399,Enterprise,Port Harcourt,Basic,Cash,10/2/2021,20000,102,69019.96,844,2,,7040035.92,1,Is_Churned,7/25/2020,None,48.6,Weekly,73,10000,0.38,144856.71,8378726.79
CUST3400,Retail,Ibadan,Basic,Cash,5/6/2022,20000,124,67745.8,486,5,2.3,8400479.2,0,Not_Churned,,None,41.4,Weekly,46,10000,-0.05,202910.13,10622248.15
CUST3401,Enterprise,Enugu,Basic,Card,1/3/2023,20000,41,28853.76,836,4,4.1,1183004.16,0,Not_Churned,,None,33.4,Daily,67,5000,0.03,35419.29,1600659.23
CUST3402,SME,Port Harcourt,Basic,Wallet,9/18/2022,5000,52,12735.77,720,3,4.2,662260.04,0,Not_Churned,,None,36.9,Weekly,94,50000,0.11,17947.43,850255.91
CUST3403,Retail,Lagos,Premium,Transfer,1/20/2024,20000,5,49026.03,786,4,2.9,245130.15,1,Is_Churned,8/6/2023,None,20.6,Daily,67,5000,0.39,11899.52,284231.77
CUST3404,SME,Enugu,Basic,Wallet,12/24/2022,30000,64,61256.07,555,6,2.9,3920388.48,0,Not_Churned,,None,33.7,Monthly,68,5000,0.21,116332,4951867.68
CUST3405,Retail,Port Harcourt,Standard,Cash,3/16/2021,10000,144,88894.48,797,0,3.4,12800805.12,0,Not_Churned,,None,55.3,Daily,76,0,0.18,231479.3,14527856.89
CUST3406,Corporate,Kano,Basic,Wallet,1/29/2021,30000,153,93539.51,707,0,2.1,14311545.03,0,Not_Churned,,None,56.8,Weekly,59,50000,0.11,251963.82,17194278.02
CUST3407,SME,Enugu,Basic,Card,1/6/2021,5000,143,57592.47,685,0,4.4,8235723.21,0,Not_Churned,,None,57.6,Daily,50,0,0.22,142981.31,9825568.36
CUST3408,SME,Enugu,Basic,Card,10/7/2020,20000,48,77842.31,585,1,3,3736430.88,0,Not_Churned,,None,60.6,Daily,89,0,0.2,61657.28,4469685.16
CUST3409,Enterprise,Abuja,Premium,Transfer,6/23/2021,5000,119,49537.29,581,8,4.6,5894937.51,0,Not_Churned,,None,52,Daily,89,0,0.34,113364.18,7114442.1
CUST3410,SME,Kano,Basic,Transfer,5/10/2020,10000,190,77147.39,768,4,4.4,14658004.1,0,Not_Churned,,None,65.6,Daily,78,20000,0.13,223445.18,16428143.05
CUST3411,SME,Lagos,Standard,Cash,2/10/2023,5000,112,28432.14,542,8,4,3184399.68,1,Is_Churned,8/15/2022,Switched to Competitor,32.1,Daily,81,10000,0.05,99202.48,4120286.18
CUST3412,Corporate,Ibadan,Basic,Transfer,10/30/2022,20000,48,43395.83,821,4,3,2082999.84,0,Not_Churned,,None,35.5,Daily,62,10000,0.28,58676.05,2768458.97
CUST3413,SME,Port Harcourt,Basic,Wallet,12/29/2022,10000,82,67080.52,605,6,3.5,5500602.64,1,Is_Churned,5/3/2025,High Fees,33.5,Weekly,91,20000,0.28,164197.09,6847519.54
CUST3414,Corporate,Abuja,Basic,Card,3/21/2024,10000,166,11634.22,541,5,3.3,1931280.52,0,Not_Churned,,None,18.6,Daily,85,5000,-0.1,103832.29,3027730.13
CUST3415,Corporate,Port Harcourt,Standard,Card,2/19/2023,20000,29,75021.52,584,1,3,2175624.08,0,Not_Churned,,None,31.8,Weekly,59,50000,-0.06,68415.85,2961030.39
CUST3416,Corporate,Lagos,Basic,Card,12/18/2023,20000,136,85198.2,842,2,4.5,11586955.2,1,Is_Churned,8/22/2023,Inactive,21.7,Daily,59,50000,0.38,533961.07,15930642.67
CUST3417,Corporate,Lagos,Standard,Transfer,4/5/2021,20000,196,45922.75,640,4,3.5,9000859,0,Not_Churned,,None,54.6,Monthly,50,50000,0.07,164850.9,9731542.33
CUST3418,Retail,Enugu,Standard,Card,1/30/2023,5000,120,50314.82,,3,4.5,6037778.4,0,Not_Churned,,None,32.5,Daily,41,0,0.11,185777.8,6855213.92
CUST3419,Enterprise,Lagos,Basic,Card,10/24/2020,30000,123,86615.4,471,5,2.3,10653694.2,0,Not_Churned,,None,60.1,Weekly,52,50000,-0.01,177266.13,11369469.27
CUST3420,Retail,Port Harcourt,Standard,Card,6/21/2023,5000,148,79808.92,802,7,2.4,11811720.16,1,Is_Churned,3/29/2025,High Fees,27.7,Weekly,52,50000,0.09,426415.89,14918973.78
CUST3421,SME,Kano,Premium,Cash,12/9/2021,5000,14,35933.45,687,7,4.9,503068.3,0,Not_Churned,,None,46.4,Monthly,80,50000,0.25,10841.99,582445.52
CUST3422,Retail,Kano,Basic,Cash,11/26/2023,30000,113,39157.85,494,2,3.8,4424837.05,0,Not_Churned,,None,22.5,Daily,88,10000,0.09,196659.42,6107521.95
CUST3423,Retail,Enugu,Basic,Transfer,4/16/2020,20000,198,71099.04,,3,3.5,14077609.92,1,Is_Churned,1/12/2025,None,66.4,Monthly,54,20000,-0.01,212012.2,15635021.03
CUST3424,SME,Ibadan,Standard,Card,2/5/2024,20000,39,60687.83,440,0,3.6,2366825.37,0,Not_Churned,,None,20.1,Daily,95,5000,-0.14,117752.51,3751300.01
CUST3425,SME,Port Harcourt,Standard,Transfer,3/1/2022,30000,138,24600.66,730,1,2.6,3394891.08,0,Not_Churned,,None,43.6,Daily,93,20000,0.36,77864.47,3832629.17
CUST3426,SME,Port Harcourt,Basic,Card,6/6/2024,30000,23,37893.69,700,8,4.2,871554.87,0,Not_Churned,,None,16,Weekly,70,50000,0.32,54472.18,1463359.69
CUST3427,Retail,Lagos,Premium,Card,5/10/2022,5000,191,90998.49,668,9,2.3,17380711.59,1,Is_Churned,3/28/2020,Switched to Competitor,41.3,Monthly,97,,0.27,420840.47,19023240.76
CUST3428,Retail,Port Harcourt,Standard,Card,8/20/2022,10000,185,71935.7,554,9,3.7,13308104.5,0,Not_Churned,,None,37.9,Monthly,62,5000,0.22,351137.32,16263718.23
CUST3429,SME,Abuja,Standard,Transfer,3/20/2021,30000,12,98737.69,674,1,3.7,1184852.28,0,Not_Churned,,None,55.2,Weekly,99,20000,0.11,21464.72,1374491.78
CUST3430,Enterprise,Ibadan,Premium,Transfer,12/29/2023,5000,14,79031.13,553,5,4.7,1106435.82,0,Not_Churned,,None,21.4,Weekly,92,20000,0.34,51702.61,1620880.5
CUST3431,Enterprise,Lagos,Premium,Card,9/4/2020,10000,199,94777.7,452,6,3.6,18860762.3,1,Is_Churned,7/19/2022,High Fees,61.7,Monthly,61,20000,0.28,305684.96,21161713.84
CUST3432,Corporate,Abuja,Basic,Wallet,3/26/2020,20000,170,29456.97,578,5,2.4,5007684.9,1,Is_Churned,3/21/2022,Poor Service,67.1,Weekly,93,20000,0.29,74630.18,5364046.92
CUST3433,SME,Enugu,Premium,Transfer,8/14/2022,20000,33,79433.64,820,7,3.7,2621310.12,0,Not_Churned,,None,38.1,Daily,55,0,-0.01,68800.79,3056198.41
CUST3434,Corporate,Kano,Basic,Cash,5/8/2020,5000,19,11819.58,639,8,2.3,224572.02,0,Not_Churned,,None,65.7,Monthly,96,10000,0.05,3418.14,243198.79
CUST3435,Enterprise,Enugu,Premium,Transfer,1/21/2022,5000,91,70368.4,536,7,2.6,6403524.4,1,Is_Churned,3/30/2020,None,44.9,Monthly,81,10000,0.22,142617.47,7369322.73
CUST3436,Corporate,Kano,Standard,Card,9/19/2022,30000,27,52235.41,654,4,2.1,1410356.07,0,Not_Churned,,None,36.9,Weekly,68,50000,0.02,38221.03,1707322.51
CUST3437,SME,Enugu,Basic,Wallet,10/6/2021,20000,50,41208.41,623,7,3.5,2060420.5,1,Is_Churned,12/29/2024,Poor Service,48.5,Daily,59,0,0.1,42482.9,2426862.54
CUST3438,SME,Port Harcourt,Basic,Card,7/17/2022,5000,32,87616.39,579,9,2.3,2803724.48,0,Not_Churned,,None,39,Monthly,67,5000,0.19,71890.37,3566200.7
CUST3439,SME,Abuja,Basic,Cash,11/2/2020,20000,30,86884.09,581,9,3.4,2606522.7,0,Not_Churned,,None,59.8,Monthly,66,20000,0.06,43587.34,3094269.32
CUST3440,Retail,Kano,Premium,Transfer,8/11/2024,20000,14,12007.15,658,8,4.8,168100.1,0,Not_Churned,,None,13.8,Daily,83,50000,0.28,12181.17,255356.69
CUST3441,Corporate,Lagos,Standard,Transfer,12/5/2023,30000,179,64855.46,642,7,4.2,11609127.34,0,Not_Churned,,None,22.2,Weekly,68,5000,-0.13,522933.66,13595251.75
CUST3442,Enterprise,Abuja,Basic,Card,12/30/2022,10000,8,43104.9,495,1,2.2,344839.2,0,Not_Churned,,None,33.5,Weekly,44,10000,0.23,10293.71,449563.24
CUST3443,Enterprise,Lagos,Basic,Card,10/27/2023,30000,59,47409.49,596,1,2.7,2797159.91,0,Not_Churned,,None,23.5,Weekly,91,5000,-0.11,119028.08,3665400.63
CUST3444,Enterprise,Abuja,Basic,Cash,6/22/2023,5000,70,84883.67,791,2,4,5941856.9,0,Not_Churned,,None,27.7,Weekly,88,20000,0.36,214507.47,7640331.23
CUST3445,Retail,Abuja,Basic,Wallet,2/10/2021,30000,71,37885.58,413,6,4.7,2689876.18,0,Not_Churned,,None,56.4,Daily,81,20000,-0.01,47692.84,3088690.73
CUST3446,Retail,Enugu,Standard,Cash,10/11/2023,30000,139,94874.39,519,8,2.1,13187540.21,0,Not_Churned,,None,24,Daily,77,10000,0.28,549480.84,18138807.51
CUST3447,SME,Kano,Premium,Wallet,12/11/2020,20000,59,26167.04,786,7,4.4,1543855.36,0,Not_Churned,,None,58.5,Monthly,92,20000,0.11,26390.69,1834440.82
CUST3448,Enterprise,Kano,Standard,Transfer,8/18/2021,30000,35,69645.02,807,8,3.7,2437575.7,1,Is_Churned,2/14/2024,High Fees,50.1,Monthly,91,0,-0.15,48654.21,3000471.84
CUST3449,Retail,Abuja,Basic,Wallet,1/5/2023,5000,78,70489.46,668,5,3.6,5498177.88,0,Not_Churned,,None,33.3,Daily,77,50000,0.15,165110.45,7390595.35
CUST3450,SME,Port Harcourt,Standard,Wallet,3/29/2020,10000,23,32697.56,570,0,4.9,752043.88,0,Not_Churned,,None,67,Monthly,83,10000,0.35,11224.54,867490.51
CUST3451,Enterprise,Port Harcourt,Basic,Transfer,4/21/2024,30000,160,39227.55,812,3,4.2,6276408,0,Not_Churned,,None,17.6,Daily,92,10000,-0.11,356614.09,10200297.11
CUST3452,Corporate,Lagos,Premium,Transfer,12/6/2023,30000,85,85131.86,471,5,4.6,7236208.1,0,Not_Churned,,None,22.1,Weekly,90,5000,-0.01,327430.23,8364825.02
CUST3453,SME,Lagos,Premium,Transfer,8/11/2020,10000,160,78562.47,578,5,3.1,12569995.2,0,Not_Churned,,None,62.5,Daily,41,10000,0.06,201119.92,14710316
CUST3454,Retail,Enugu,Premium,Cash,1/11/2020,5000,151,39618.63,569,7,3.7,5982413.13,1,Is_Churned,1/16/2021,High Fees,69.6,Daily,84,50000,-0.03,85954.21,6296179.16
CUST3455,Retail,Abuja,Basic,Transfer,2/22/2020,5000,91,58056.09,558,0,3.8,5283104.19,1,Is_Churned,7/9/2025,High Fees,68.2,Monthly,93,0,0.37,77464.87,6035733.07
CUST3456,SME,Lagos,Standard,Card,4/17/2020,30000,24,15551.23,846,1,3,373229.52,0,Not_Churned,,None,66.4,Daily,59,5000,0.03,5620.93,398660.37
CUST3457,SME,Lagos,Premium,Transfer,3/17/2023,20000,17,28787.13,553,1,3.7,489381.21,1,Is_Churned,5/3/2021,Inactive,30.9,Weekly,82,50000,0.19,15837.58,588223.46
CUST3458,Retail,Ibadan,Basic,Transfer,8/12/2024,30000,81,53723.85,801,5,2.7,4351631.85,0,Not_Churned,,None,13.8,Weekly,86,10000,-0.07,315335.64,5820355.86
CUST3459,Corporate,Abuja,Basic,Transfer,6/5/2023,10000,47,17737.64,481,6,2.4,833669.08,0,Not_Churned,,None,28.3,Monthly,52,20000,-0.07,29458.27,1039616.36
CUST3460,Enterprise,Enugu,Standard,Wallet,11/3/2020,10000,143,85899.91,456,1,3.1,12283687.13,0,Not_Churned,,None,59.7,Monthly,65,20000,-0.09,205756.9,13663436.53
CUST3461,Corporate,Lagos,Premium,Cash,11/14/2023,10000,180,74620.56,406,4,4.2,13431700.8,0,Not_Churned,,None,22.9,Daily,74,50000,0.06,586537.15,15445027.98
CUST3462,SME,Enugu,Basic,Transfer,7/19/2023,30000,147,94927.03,511,5,4.7,13954273.41,0,Not_Churned,,None,26.8,Monthly,85,0,0.12,520681.84,19408145.62
CUST3463,Corporate,Kano,Standard,Cash,11/16/2023,30000,149,72412.02,447,3,3.4,10789390.98,0,Not_Churned,,None,22.8,Weekly,47,20000,-0.19,473218.9,15847002.37
CUST3464,Retail,Enugu,Premium,Card,9/17/2024,5000,186,94636.12,,0,3.9,17602318.32,0,Not_Churned,,None,12.6,Monthly,67,50000,0.3,1397009.39,31694741.62
CUST3465,SME,Port Harcourt,Standard,Card,3/4/2021,20000,54,59906.13,774,2,2.3,3234931.02,1,Is_Churned,11/9/2022,None,55.7,Monthly,80,5000,0.11,58077.76,3852208.35
CUST3466,Enterprise,Port Harcourt,Standard,Transfer,11/8/2023,30000,32,64019.67,775,9,4.7,2048629.44,0,Not_Churned,,None,23.1,Weekly,54,10000,-0.11,88685.26,2914012.41
CUST3467,Retail,Enugu,Basic,Card,5/19/2021,5000,8,97927.39,715,8,3.7,783419.12,0,Not_Churned,,None,53.2,Daily,94,0,-0.16,14725.92,951844.59
CUST3468,Retail,Port Harcourt,Basic,Cash,1/5/2020,30000,26,67791.62,432,5,4.3,1762582.12,0,Not_Churned,,None,69.8,Daily,89,0,-0.16,25251.89,1969332.54
CUST3469,Enterprise,Kano,Basic,Wallet,4/16/2023,5000,123,12770.79,514,1,4.4,1570807.17,1,Is_Churned,2/25/2022,None,29.9,Monthly,47,5000,-0.05,52535.36,2003897.37
CUST3470,Enterprise,Abuja,Standard,Transfer,10/14/2021,5000,105,75142.25,783,8,2.8,7889936.25,1,Is_Churned,5/29/2024,None,48.2,Weekly,50,0,0.1,163691.62,9647851.36
CUST3471,Corporate,Port Harcourt,Basic,Card,12/10/2021,20000,43,91492.18,402,3,3.6,3934163.74,0,Not_Churned,,None,46.3,Weekly,68,50000,0.32,84971.14,4456289.34
CUST3472,SME,Port Harcourt,Standard,Cash,9/1/2022,30000,38,81602.22,403,7,4.9,3100884.36,1,Is_Churned,1/7/2025,Inactive,37.5,Weekly,98,0,0.34,82690.25,3386227.03
CUST3473,Enterprise,Enugu,Standard,Cash,1/28/2022,5000,101,62544.99,755,9,2.3,6317043.99,1,Is_Churned,4/2/2022,High Fees,44.7,Daily,44,0,0.3,141320.89,7694738.54
CUST3474,Enterprise,Kano,Basic,Card,6/11/2023,10000,48,70417.32,659,6,4,3380031.36,0,Not_Churned,,None,28.1,Weekly,86,0,0,120285.81,4016499.88
CUST3475,SME,Abuja,Premium,Cash,1/21/2023,10000,174,99117.26,441,2,4.9,17246403.24,0,Not_Churned,,None,32.8,Weekly,86,50000,-0.02,525804.98,21068018.25
CUST3476,Enterprise,Enugu,Premium,Cash,9/23/2022,10000,44,18159.59,408,7,2.9,799021.96,0,Not_Churned,,None,36.8,Daily,98,10000,0.39,21712.55,911144.55
CUST3477,Enterprise,Enugu,Premium,Transfer,6/24/2024,20000,101,70052.03,706,3,4.6,7075255.03,0,Not_Churned,,None,15.4,Weekly,97,20000,0.21,459432.14,11873480.46
CUST3478,Corporate,Ibadan,Standard,Cash,4/24/2020,5000,144,35505.79,544,1,4.8,5112833.76,0,Not_Churned,,None,66.2,Daily,46,0,-0.02,77233.14,6010641.06
CUST3479,Retail,Kano,Standard,Card,7/17/2022,20000,134,67608.14,800,4,4.2,9059490.76,1,Is_Churned,3/30/2022,High Fees,39,Monthly,92,5000,0,232294.63,9871408.6
CUST3480,Retail,Abuja,Standard,Transfer,3/14/2024,30000,160,64686.12,496,0,2.7,10349779.2,0,Not_Churned,,None,18.8,Monthly,57,5000,0.06,550520.17,13157621.82
CUST3481,Retail,Kano,Basic,Card,12/4/2023,30000,78,23811.11,675,7,3,1857266.58,0,Not_Churned,,None,22.2,Monthly,67,50000,0.17,83660.66,2250978.66
CUST3482,Retail,Abuja,Standard,Wallet,6/29/2021,5000,90,28607.2,541,7,2.1,2574648,0,Not_Churned,,None,51.8,Monthly,51,10000,0.34,49703.63,3024904.85
CUST3483,Enterprise,Kano,Basic,Card,8/10/2020,10000,94,65946.66,677,2,4.5,6198986.04,0,Not_Churned,,None,62.6,Monthly,51,0,-0.08,99025.34,6878112.52
CUST3484,SME,Enugu,Basic,Card,10/5/2020,5000,71,21540.7,835,0,4.5,1529389.7,0,Not_Churned,,None,60.7,Daily,75,50000,-0.15,25195.88,1708440.78
CUST3485,SME,Enugu,Premium,Transfer,11/18/2020,5000,80,33866.28,426,3,3.9,2709302.4,0,Not_Churned,,None,59.2,Daily,68,20000,0.04,45765.24,2911296.79
CUST3486,Corporate,Lagos,Premium,Cash,3/16/2023,5000,96,85172.1,442,8,3.1,8176521.6,0,Not_Churned,,None,31,Daily,50,10000,-0.05,263758.76,9952306.89
CUST3487,Corporate,Port Harcourt,Premium,Card,11/15/2020,20000,14,39438.24,530,8,2.2,552135.36,1,Is_Churned,7/24/2021,Poor Service,59.3,Weekly,92,10000,0.15,9310.88,605477.72
CUST3488,Enterprise,Ibadan,Basic,Transfer,8/15/2022,30000,90,53925.41,615,0,4.3,4853286.9,0,Not_Churned,,None,38.1,Monthly,45,50000,0.22,127382.86,5936132.77
CUST3489,SME,Kano,Basic,Wallet,4/20/2023,5000,106,94702.63,493,6,4.2,10038478.78,1,Is_Churned,8/21/2024,Inactive,29.8,Weekly,60,5000,-0.01,336861.7,11707676.91
CUST3490,SME,Ibadan,Basic,Transfer,11/8/2023,5000,189,30443.42,407,5,4.7,5753806.38,0,Not_Churned,,None,23.1,Weekly,49,10000,0.21,249082.53,7879302.91
CUST3491,Retail,Lagos,Standard,Transfer,5/18/2024,5000,112,45066.34,485,6,4.2,5047430.08,0,Not_Churned,,None,16.7,Weekly,98,5000,0.01,302241.32,6981685.85
CUST3492,Enterprise,Port Harcourt,Basic,Cash,11/17/2021,20000,169,64581.2,744,6,4.5,10914222.8,0,Not_Churned,,None,47.1,Monthly,71,10000,0.18,231724.48,12331600.79
CUST3493,Enterprise,Kano,Premium,Card,8/23/2023,20000,95,77980.5,537,7,4.2,7408147.5,0,Not_Churned,,None,25.6,Weekly,86,10000,0.18,289380.76,9072089.64
CUST3494,Retail,Abuja,Premium,Wallet,4/7/2023,20000,196,91148.8,768,7,3.9,17865164.8,0,Not_Churned,,None,30.2,Monthly,72,10000,-0.03,591561.75,23227377.19
CUST3495,Enterprise,Port Harcourt,Basic,Transfer,9/14/2021,5000,83,92392.57,812,9,3.3,7668583.31,0,Not_Churned,,None,49.2,Monthly,56,20000,0.18,155865.51,8925134.31
CUST3496,Enterprise,Enugu,Basic,Card,7/21/2020,10000,90,79897.61,823,1,4.7,7190784.9,0,Not_Churned,,None,63.2,Monthly,42,5000,0.03,113778.24,8404286.05
CUST3497,Corporate,Lagos,Premium,Card,9/29/2020,10000,111,30549.78,645,3,,3391025.58,0,Not_Churned,,None,60.9,Weekly,96,20000,0,55681.87,3679151.25
CUST3498,SME,Port Harcourt,Basic,Transfer,11/23/2021,10000,172,12232.84,848,3,3.2,2104048.48,0,Not_Churned,,None,46.9,Monthly,82,5000,-0.03,44862.44,2254834.52
CUST3499,Enterprise,Port Harcourt,Premium,Card,7/31/2023,30000,105,44539.65,420,9,2.3,4676663.25,0,Not_Churned,,None,26.4,Monthly,57,,0.01,177146.34,5498305.54
